1654 2799
2 50 81 90 onir.
91 49 149 97 ma]
172 47 362 86 unlneratum
378 47 431 86 sno.
442 45 602 85 ronannnu.
746 32 775 75 51

37 177 66 221 36
82 175 269 232 Responderunt
280 173 371 230 angeli:
383 174 431 229 Qui
442 173 544 230 spiritus
555 172 632 217 saneti
643 183 776 216 sermonem

7 255 126 308 spernunt
137 255 258 306 spernunt
271 249 372 306 gloriam
385 249 430 295 filii
445 249 490 294 dei.

38 327 67 371 37
83 326 271 381 Responderunt
288 326 379 381 angelis
393 324 519 369 mulieres:
538 321 698 378 Quamobrem
716 320 776 376 spir-

7 402 56 447 itus
69 401 194 445 hominum
206 408 326 456 spernunt
340 400 440 456 spiritus
454 399 532 445 saneti
546 412 685 444 sermonem,

39 477 68 521 38
84 476 271 532 Responderunt
287 476 378 532 angeli:
394 476 441 520 Per
457 473 558 532 spiritus
573 473 699 529 malignos.

39 552 67 596 39
84 551 272 607 Responderunt.
284 551 374 607 angelis
386 551 510 596 mulieres:
524 550 649 606 Quomodo
660 562 704 605 per
715 547 777 604 spir-

8 629 58 673 itus
68 627 185 682 malignos
197 627 299 683 spiritus
308 628 432 672 hominum
444 627 544 684 spiritus
555 626 633 671 satiet-i
644 638 778 670 sermonem

9 707 134 760 spernunt,

40 778 69 823 40
86 778 272 834 Responderunt
290 778 381 834 angeli:
398 778 446 822 Per
462 778 636 824 infidelitatem.

40 854 70 897 41
86 853 274 909 Responderunt
288 853 378 909 angelis
393 853 517 898 mulieres:
534 852 657 908 Quomodo
674 851 778 908 gratiam

10 943 54 986 per
66 928 234 974 infidelitatem
247 933 373 986 spernunt,

40 1005 70 1048 42
87 1004 274 1060 Responderunt
290 1004 382 1060 angeli:
399 1004 446 1060 Qui
463 1004 563 1061 spiritus
578 1004 657 1049 saneti
675 1002 779 1058 gratiam

11 1086 130 1136 spernunt
144 1095 193 1125 non
206 1081 311 1126 eredunt
325 1079 351 1124 in
365 1079 467 1136 spiritus
481 1080 557 1124 saneti
572 1093 686 1124 sermone.

42 1155 70 1199 43
87 1155 274 1210 Responderunt
292 1156 383 1210 angelis
398 1156 522 1199 mulieres:
542 1154 702 1209 Quamobrem
718 1153 780 1210 spir-

12 1231 59 1274 itus
73 1230 197 1274 hominum
209 1245 258 1275 non
273 1231 375 1275 eredunt
388 1231 413 1274 in
428 1229 529 1285 spiritus
542 1229 619 1274 saneti
633 1244 749 1274 sermone.

43 1305 73 1348 44
88 1305 274 1360 Responderunt
293 1304 384 1360 angeli:
403 1305 450 1359 Qui
469 1304 570 1361 gloriam
586 1319 656 1349 suam
674 1308 780 1360 querunt

13 1379 113 1434 gloriam
126 1379 170 1424 tilii
183 1381 223 1424 dei
236 1385 362 1436 spernunt.

42 1454 71 1498 45
88 1454 276 1510 Responderunt
289 1454 380 1510 angelis
392 1454 515 1499 mulieres:
531 1454 578 1509 Qui
591 1453 695 1511 spiritus
706 1454 781 1500 homi-

13 1543 71 1574 num
82 1528 183 1585 gloriam
195 1543 263 1574 suam
276 1534 388 1586 querunt.

44 1605 73 1649 46
89 1604 275 1661 Responderunt
286 1605 377 1662 angeli:
390 1604 436 1661 Qui
447 1604 548 1661 gloriam
557 1604 601 1650 filii
613 1605 651 1650 dei
661 1611 782 1662 spernunt

14 1680 114 1735 gloriam
126 1695 194 1725 suam
204 1684 317 1737 querunt.

44 1756 73 1800 47
90 1756 277 1812 Responderunt
298 1755 389 1812 angelis
407 1756 531 1801 mulieres:
553 1756 714 1812 QuamObrem
734 1758 782 1813 glo-

14 1830 75 1875 riam
86 1846 154 1877 suam
164 1831 265 1887 spiritus
276 1832 401 1877 hominum
412 1835 524 1887 querunt.

44 1906 74 1950 48
91 1906 279 1963 Responderunt
293 1908 387 1963 angeli:
406 1906 453 1962 Qui
471 1906 572 1963 gloriam
589 1921 659 1952 suam
677 1914 783 1964 sprerunt

15 1982 124 2032 seruiunt
153 1981 278 2039 spiritibus
309 1982 421 2038 malignis
453 1982 495 2038 qui
526 1982 627 2039 spiritus
658 1984 783 2029 hominum

15 2056 124 2102 liodiunt.

46 2133 75 2177 49
92 2133 279 2189 Responderunt
299 2132 389 2189 angelis
409 2132 533 2178 mulieres:
555 2133 603 2188 Qui
623 2134 726 2191 spiritus
744 2136 784 2180 lio-

16 2207 107 2252 minum
119 2208 246 2264 spiritibus
258 2208 371 2265 malignis
384 2207 500 2253 serbiunt.

46 2283 75 2327 50
91 2283 279 2340 Responderunt
292 2284 384 2339 angeli:
399 2282 506 2339 Spiritus
519 2283 644 2330 hominum
658 2274 784 2342 spiritibus

16 2358 129 2414 malignis
142 2358 251 2404 seruiunt
266 2359 307 2414 qui
321 2358 423 2415 gloriam
437 2372 506 2403 suam
521 2364 634 2415 querunt.
812 2413 814 2417 7

47 2433 76 2476 51
93 2433 279 2490 Responderunt
293 2434 385 2489 angelis
396 2433 520 2479 mulieres:
536 2435 583 2489 Qui
596 2436 699 2492 spiritus
711 2436 785 2482 homi-

17 2521 75 2552 num
89 2509 191 2564 gloriam
204 2508 249 2553 filii
264 2509 302 2554 dei
314 2513 441 2564 spernunt.

48 2583 77 2627 52
93 2584 280 2640 Responderunt
298 2581 390 2639 angeli:
409 2582 456 2639 Qui
475 2584 576 2640 gloriam
593 2599 662 2631 suam
681 2593 786 2643 querunt

17 2658 118 2723 gloriam
131 2658 175 2704 filii
190 2659 228 2705 dei
241 2663 368 2716 spernunt.
