1654 2799
15 52 29 94 8
190 60 377 98 EUANGELIUM
393 60 446 98 SEC.
457 59 616 98 IOHANNEM.
658 58 747 108 [CHAP.
758 58 784 97 V.

50 188 80 232 24
95 187 282 242 Responderunt
297 185 386 232 sorite:
404 186 505 232 Genitus
521 186 623 239 fuistin
639 186 785 231 samaritano

20 277 64 318 per
80 262 208 307 diabolum.

52 338 80 381 25
97 337 231 392 Respondit
247 336 357 382 domiuus
373 338 464 382 ihesus:
481 337 532 393 Ego
548 335 677 381 honorifioo
694 339 788 392 patrem

21 427 101 457 meum
113 426 183 468 quem
196 426 238 457 uos
251 412 408 457 inhonoratis.

53 487 82 531 26
98 487 284 543 Responderunt
301 486 390 532 soribe:
407 486 462 532 Non
479 486 554 543 geniti
571 485 662 531 fuimus
680 500 723 542 per
741 485 789 531 for-

21 560 173 607 nioationem.
200 562 249 607 Nos
262 567 356 618 putrem
368 576 509 618 germanum
520 563 641 607 habemus.

53 638 82 682 27
99 637 233 692 Respondit
244 637 354 683 dominus
365 638 456 682 ihesus:
470 637 516 692 Qui
528 637 676 683 serboberiut
688 636 788 692 spiritus

24 712 101 757 saneti
116 726 249 757 sermonem
265 726 309 769 per
326 712 440 768 spiritum
458 718 568 758 sanetum
584 712 744 757 solbabuntur
761 712 790 756 ab

24 786 150 842 spiritibus
165 787 289 842 malignis:
306 788 347 843 qui
364 787 464 844 spiritus
479 787 603 833 hominum
619 786 714 832 fuorunt
730 786 791 842 spir-

25 862 99 907 itibus
119 862 210 907 serbire
228 862 340 917 motignis
362 863 403 918 qui
423 863 526 910 hodiunt
546 863 647 918 spiritus
667 861 791 906 hominum

25 951 83 992 quos
95 937 226 992 spirituum
237 942 306 993 poter
318 943 341 983 et
352 936 453 993 spiritus
464 943 561 983 sanetus
573 943 596 983 et
608 952 649 992 ego
662 937 791 992 diligimus.

56 1012 85 1056 28
103 1011 150 1066 Qui
162 1012 312 1057 serboberint
325 1012 426 1068 spiritus
440 1014 517 1057 saneti
530 1026 661 1057 sermonem
675 1027 718 1067 per
732 1011 792 1068 spir-

26 1086 89 1131 itum
107 1091 228 1131 sanetum:
249 1088 407 1132 saltabuntur
427 1088 455 1132 oi)
475 1088 600 1143 spiritibus
619 1087 731 1142 malignis
750 1101 794 1143 per

26 1161 140 1217 spiritinn
162 1166 274 1206 sanetum
297 1167 319 1207 et
342 1167 517 1218 consequentur
540 1162 641 1217 glorium
662 1161 793 1217 spirituum

28 1237 133 1283 fitiorum
148 1238 193 1283 dei.

59 1313 87 1356 29
106 1313 153 1367 qm
174 1312 324 1360 seruauerint
344 1312 445 1368 spiritus
467 1312 544 1357 saneti
566 1326 698 1357 sermonem
720 1312 795 1358 soibu-

28 1387 122 1432 bimtur
137 1388 165 1432 ob
181 1387 306 1444 spiritibus
321 1388 433 1443 malignis
449 1393 472 1432 et
487 1387 543 1432 sooii
558 1392 629 1432 erunt
645 1386 719 1443 glorie
735 1387 795 1443 spir-

29 1462 108 1507 ituum
119 1463 196 1518 putris
206 1470 231 1509 et
242 1463 315 1518 glorie
328 1462 428 1518 spiritus
439 1463 516 1507 sarioti
528 1467 550 1509 et
562 1462 635 1517 glorie
647 1462 691 1506 filii
703 1463 741 1508 dei
752 1476 795 1518 per

29 1536 144 1593 spiritum
157 1542 279 1582 sanetum:
293 1538 334 1593 qui
349 1538 425 1584 seiont
440 1537 540 1593 spiritus
554 1537 677 1583 hominum
693 1538 720 1582 ob
735 1537 796 1593 spir-

30 1612 103 1657 itibus
119 1612 230 1668 malignis
244 1627 288 1669 per
301 1626 433 1657 sermonem
448 1626 518 1667 quem
533 1613 658 1667 spiritibus
673 1612 797 1657 hominum

30 1702 74 1743 per
86 1686 200 1743 spiritmn
212 1692 324 1732 sonetum
337 1702 380 1743 ego
392 1689 485 1732 loeutus
499 1702 559 1733 sum,

61 1763 89 1807 30
107 1763 158 1808 Heo
182 1762 308 1819 spiritibus
333 1762 457 1807 hominum
481 1763 662 1817 euangeiinobot
688 1763 797 1808 dominus

31 1838 110 1883 ihesus
121 1843 149 1883 ut
160 1837 260 1894 spiritus
271 1838 396 1882 hominum
406 1838 559 1882 salburentur
571 1839 599 1882 ab
612 1837 738 1894 spiritibus
750 1853 798 1883 mo-

32 1915 104 1970 lignis
117 1929 159 1971 per
172 1913 285 1970 spiritum
297 1917 419 1958 sonetum:
433 1918 455 1957 et
469 1918 670 1967 consequerentur
683 1928 726 1969 per
739 1914 799 1970 spir-

32 1989 94 2035 itum
107 1994 217 2034 sonetum
230 1988 330 2045 gioriom
342 1988 473 2044 spirituum
485 1986 589 2032 tiliorum
603 1988 641 2033 dei
655 1992 768 2034 eternum.

398 2124 435 2168 Vi

65 2218 78 2261 1
95 2217 152 2262 Post
164 2217 206 2261 heo
217 2216 295 2262 hoiuit
307 2216 417 2261 dominus
429 2216 508 2259 ihesus
520 2221 586 2261 trans
599 2231 666 2262 mure
678 2218 769 2272 galilee.

65 2293 79 2336 2
97 2293 130 2337 Et
145 2292 216 2336 turbe
233 2291 394 2347 sequebantur
410 2289 535 2335 dominum
552 2291 644 2336 ihesum
662 2293 718 2348 quio
736 2294 801 2339 uide-

35 2374 91 2414 rant
102 2368 197 2423 signum
208 2369 272 2422 quod
283 2366 373 2411 fecerat
384 2365 410 2410 in
421 2365 526 2410 sabbato.

66 2444 79 2488 3
97 2444 129 2488 nt
143 2442 221 2487 habiit
232 2441 344 2487 dominus
358 2441 437 2486 ihesus
451 2441 477 2485 in
491 2445 595 2486 montem
610 2456 663 2487 oum
678 2443 802 2500 discipulis

36 2518 91 2563 suis.

66 2594 82 2638 4
99 2594 131 2638 Et
148 2592 273 2649 spiritibus
290 2591 414 2637 hominum
432 2591 612 2646 euangelizabot
628 2607 672 2649 per
689 2594 803 2650 spiritum
