1654 2799
18 36 47 78 46
181 41 371 80 EUANGELIUM
388 41 441 79 SEU.
452 41 610 80 IOHANNEM.
628 41 719 90 [CHAP.
729 41 788 82 er.
822 70 825 73 -

51 172 81 216 211
97 169 231 226 Respondit
244 168 335 226 piletus
348 169 445 215 scribis:
460 169 526 224 Quid
540 174 575 215 est
588 168 744 226 blasphemia.

52 247 65 290 3
82 246 269 301 Responderunt
285 245 374 290 scribe:
392 244 439 300 Qui
454 244 516 290 dicit
532 259 556 292 se
573 259 622 290 esse
639 245 789 290 (1111111111-

20 322 124 378 phemat.

52 397 82 441 32,
97 395 231 452 Respondit
248 395 338 452 pilutus
354 395 451 440 scribis:
468 395 523 440 Non
540 396 560 441 si
575 395 636 441 dicit
652 395 788 441 ueritatem.

51 472 270 527 4Responderunt
287 471 375 516 scribe:
394 470 442 526 Qui
460 471 518 516 dicit
536 486 560 516 se
579 485 626 516 esse
645 472 716 516 deum
735 485 788 516 cum

20 547 89 592 homo
104 553 138 592 est
149 547 307 602 biusphemut.
762 587 764 591 .

52 623 82 667 da
97 621 231 678 Respondit
247 620 339 678 pilatus
355 621 452 666 scribis:
469 621 517 676 Qui
535 621 593 667 dicit
609 636 633 667 se
650 636 699 669 csse
717 622 788 667 deum

22 712 76 742 cum
85 698 144 743 deus
156 702 190 742 est
201 712 249 742 non
259 697 416 752 blasphemat.

53 773 66 816 5
83 773 270 828 Responderunt
290 773 378 817 scribe:
399 772 447 817 Hic
467 773 536 817 homo
557 773 654 828 genitus
675 772 725 818 11111
745 786 789 829 per

21 847 202 893 samaritanum.

53 923 82 968 5a
98 923 231 979 Respondit
243 923 333 979 piiatus
343 922 440 967 scribis:
453 923 574 978 Quomodo
585 924 629 969 hoc
641 923 789 980 cognoscitis.

53 999 66 1042 6
82 999 270 1054 Responderunt
280 998 369 1043 scribe:
383 998 429 1053 Qui
442 998 502 1044 dicit
511 1013 536 1043 se
550 1013 597 1044 esse
608 1000 681 1044 deum
694 999 789 1054 genitus

22 1074 71 1119 tuit
83 1088 127 1130 per
139 1072 319 1119 samaritanum.

54 1149 83 1194 61,
98 1149 233 1205 Respondit
243 1149 333 1205 pilatus
345 1148 441 1193 scribis:
452 1149 576 1204 Quomodo
585 1151 629 1195 hoc
641 1149 788 1205 cognoscitis.

53 1225 66 1268 t
83 1225 270 1281 Responderunt
279 1224 369 1270 scribe:
383 1224 430 1279 Qui
443 1225 501 1270 dicit
513 1239 537 1270 se
550 1226 621 1270 deum
633 1239 682 1272 esse
692 1225 789 1281 genitus

22 1299 71 1347 fuit
83 1314 127 1356 per
138 1300 318 1345 samaritanum.

54 1377 82 1420 Ta
98 1375 232 1432 Respondit
243 1376 333 1432 piiatus
344 1375 441 1420 scribis:
454 1377 505 1431 Ego
518 1390 613 1421 causam
624 1391 673 1421 non
684 1377 789 1422 inuenio.

54 1451 67 1494 8
84 1451 269 1507 Responderunt
288 1451 376 1495 scribe:
395 1450 443 1506 Qui
461 1449 519 1496 dicit
536 1466 560 1495 se
578 1452 651 1496 deum
670 1466 717 1497 esse
737 1467 789 1498 con-

23 1526 122 1572 tradicit
135 1526 216 1571 cesari.

54 1603 83 1646 Sa
99 1601 233 1658 Respondit
246 1601 336 1658 pitatus
348 1601 445 1646 scribis:
459 1601 580 1656 Quomodo
594 1602 632 1647 hic
646 1604 790 1648 contradicit

23 1677 104 1722 cesari.

54 1753 67 1797 9
81 1753 268 1808 Responderunt
279 1751 368 1797 scribe:
383 1751 430 1806 Qui
444 1751 503 1797 dicit
515 1766 538 1796 se
552 1753 622 1797 deum
636 1767 684 1799 esse
698 1759 790 1799 contra-

24 1826 82 1874 dicit
94 1828 175 1872 cesari.

55 1904 83 1948 {ta
99 1903 233 1959 Respondit
245 1902 335 1959 pilatus
348 1902 444 1948 scribis:
459 1902 580 1957 Quomodo
593 1903 632 1949 hic
647 1905 790 1950 contradicit
826 1942 827 1961 1

24 1979 104 2024 cesari.

55 2056 83 2099 10
100 2054 286 2110 Responderunt
300 2052 390 2097 scribe:
408 2052 455 2107 Qui
473 2052 531 2098 dicit
548 2067 573 2097 se
589 2054 660 2098 deum
677 2068 725 2102 esse
742 2057 790 2112 glo·
826 2046 827 2063 i

23 2131 84 2175 riom
98 2144 165 2174 suuni
179 2128 292 2172 maiorem
305 2143 377 2183 quom
390 2127 491 2183 gloriam
505 2128 590 2173 cesaris
605 2129 672 2174 iacit.

56 2206 99 2250 lOa
116 2202 250 2261 Respondit
275 2204 367 2260 pilatus
395 2203 490 2248 scribis:
520 2203 567 2258 Qui
595 2205 695 2259 gloriam
722 2220 790 2251 suam

23 2281 137 2326 maiorem
150 2294 221 2336 qrram
234 2279 335 2335 gloriam
348 2278 434 2324 cestris
447 2278 508 2324 iacit
521 2279 665 2324 contradicit
677 2281 759 2327 cesari.

55 2357 99 2401 lOb
116 2355 302 2411 Responderunt
312 2354 401 2399 scribe:
413 2353 461 2399 Hic
471 2354 540 2399 homo
550 2354 653 2410 *gloriam
664 2371 731 2401 suam
743 2359 791 2413 gio-
826 2400 827 2418 2

24 2433 86 2478 riom
100 2432 137 2476 dei
149 2444 198 2475 esse
214 2429 279 2474 dicit.

56 2507 84 2551 11
101 2505 234 2562 Respondit
250 2505 342 2561 pilatus
358 2504 455 2549 scribis:
474 2503 520 2559 Qui
539 2505 639 2561 gloriam
657 2520 725 2552 suum
743 2510 791 2565 glo-

24 2583 86 2628 riam
100 2583 137 2627 dei
151 2581 212 2626 iacit
226 2580 369 2626 contradicit
384 2580 464 2625 cesari.

55 2659 100 2702 He
115 2657 301 2713 Responderunt
318 2655 406 2700 scribe:
425 2655 471 2710 Qui
488 2656 589 2711 gloriam
607 2672 674 2703 suam
689 2659 791 2714 gloriam

24 2733 62 2780 dei
75 2733 135 2778 iacit
148 2731 291 2778 contradicit
305 2730 386 2776 cesari.
