1654 2799
53 39 132 79 GHAP.
142 39 203 87 Vri]
247 38 436 76 EUANGELIUM
453 38 506 76 SEU.
518 37 677 76 IOHANNEM.
796 27 808 68 1

88 165 117 209 48
133 164 320 220 Responderunt
330 163 419 209 scribe:
430 163 484 208 Non
494 163 553 208 bene
566 162 667 208 dicimus
678 161 735 217 quia
746 161 815 207 diabo

57 229 108 273 lum
118 228 197 273 habes.

87 298 116 342 49
133 295 268 353 Respondit
279 296 374 342 seribis:
386 297 516 342 Diabolum
527 310 575 342 non
586 295 660 341 habeo
672 301 707 341 set
719 293 822 350 glorifio·

56 361 188 417 spirituum
202 365 296 417 patrem
309 366 332 405 et
345 360 452 415 glorifioo
464 360 579 416 spiritum
593 363 703 403 sanetum
717 363 740 403 et
754 357 826 414 glori-

56 424 99 470 fioo
112 423 189 468 filium
202 424 240 469 dei
252 438 295 479 per
308 422 421 480 spiritum
433 428 550 468 sanetum.

88 493 116 537 50
133 492 319 549 Responderunt
338 491 426 537 seribe:
445 491 575 537 Diabolum
594 491 666 536 habes
686 495 709 536 et
729 490 825 546 genitus

57 556 128 601 fuisti
140 571 153 600 a
165 555 311 600 samaritano
324 568 367 611 per
380 555 508 600 diabolum.

88 625 117 669 5l
134 624 268 681 Respondit
284 624 381 669 seribis:
400 626 451 680 Ego
471 630 493 670 et
511 629 581 681 pater
599 638 665 668 meus
683 628 706 668 et
724 621 825 679 spiritus

5 702 6 705 ’
57 693 153 733 sanetus
167 689 225 733 deus
238 689 301 733 solus
313 702 402 733 sumus.

56 791 58 795 r
87 758 116 802 52
131 756 292 802 ¹Sustulerunt
306 756 399 812 lapides
413 756 488 803 seribe
503 762 531 802 ut
546 756 685 812 lapidarent
701 755 799 800 dominu
813 772 820 795 ι

57 821 155 865 ihesum.

56 921 57 924 η
87 890 116 934 53
133 888 238 945 Rogabit
249 888 351 934 scribas:
365 888 524 943 Quamobrem
536 888 651 944 lapidatis
664 902 708 933 me.

87 959 117 1003 54
133 959 319 1014 Responderunt
335 958 423 1003 soribe:
441 958 502 1013 Quia
518 959 587 1003 115155
605 973 659 1002 5551
675 957 705 1001 sis
723 957 783 1002 taois
801 960 824 1001 te

56 1021 136 1078 ipsum
148 1022 226 1066 deum.

87 1091 115 1134 55
132 1091 266 1146 Respondit
278 1089 373 1134 soribis:
385 1090 439 1135 Non
451 1090 564 1135 iohannes
577 1105 620 1146 per
632 1089 746 1146 spiritum
759 1103 824 1134 sane-

57 1159 109 1200 tum
124 1153 316 1209 euangelizabat:

87 1223 131 1266 55a
146 1221 268 1278 Prespioio
292 1222 393 1277 gloriam
418 1222 548 1278 spirituum
573 1222 650 1278 patris
675 1227 698 1267 et
723 1221 825 1277 gloriam

57 1285 157 1341 spiritus
169 1285 246 1330 saneti
259 1290 281 1330 et
294 1285 395 1340 gloriam
407 1285 450 1329 filii
464 1285 514 1330 dei:
528 1284 569 1341 qui
582 1286 711 1329 salbabunt
724 1283 825 1340 spiritus

56 1348 180 1393 hominum
204 1348 232 1393 ab
253 1347 379 1404 spiritibus
401 1347 514 1403 malignis·
535 1348 576 1404 qui
599 1348 704 1393 hodiunt
723 1348 825 1403 spiritus

56 1411 180 1456 bominum
201 1425 259 1466 quos
280 1410 410 1467 spirituum
430 1415 500 1467 pater
520 1418 542 1458 et
562 1411 663 1466 spiritus
684 1416 782 1456 sanetus
802 1414 825 1455 et

56 1473 120 1518 filius
131 1474 169 1518 dei
181 1473 294 1529 diligunt.

88 1543 116 1587 56
134 1543 272 1597 (tumebant
287 1557 341 1598 ergo
356 1542 430 1587 soribe
445 1542 578 1588 interficere
594 1557 646 1587 eum
663 1542 719 1598 qma
734 1542 825 1599 spiriti-

55 1606 99 1650 bus
112 1606 236 1650 1151515515
250 1605 455 1661 euangelizaberat
469 1619 512 1661 per
526 1605 639 1661 spiritum
653 1610 763 1650 sanetum
776 1607 825 1662 glo-

56 1668 118 1713 riam
133 1669 264 1724 spirituum
280 1668 358 1724 patris
373 1673 396 1713 et
411 1668 511 1724 gloriam
527 1666 627 1725 spiritus
644 1669 721 1713 saneti
738 1674 760 1714 et
776 1670 824 1725 glo-

57 1732 118 1776 riam
130 1731 174 1775 filii
189 1731 233 1776 dei.

55 1793 58 1798 ’
87 1801 132 1844 aaa
148 1801 181 1845 Ut
191 1800 343 1845 salbarentur
354 1800 453 1856 spiritus
464 1800 588 1845 hominum
599 1801 627 1845 ab
639 1800 765 1857 spiritibus
776 1816 825 1846 ma-

56 1863 141 1918 lignis:
163 1865 204 1919 qui
224 1863 328 1908 hodiunt
347 1861 446 1919 spiritus
467 1863 591 1907 bominum
613 1878 671 1919 quos
692 1865 826 1920 spirituum

56 1931 125 1982 pater
137 1931 159 1971 et
171 1926 271 1982 spiritus
283 1930 380 1971 sanetus
392 1931 413 1972 et
425 1925 539 1971 filius-dei
551 1926 665 1982 diligunt.

87 1995 116 2039 57
134 1996 218 2039 Habiit
238 2009 292 2050 ergo
312 1995 422 2040 dominus
441 1994 519 2039 ihesus
538 2000 606 2040 trans
624 1996 755 2042 iordanem.
791 1998 826 2041 nt

54 2058 181 2114 spiritibus
195 2057 319 2102 hominum
333 2056 511 2113 euangelizabat
526 2073 570 2114 per
584 2059 699 2115 spiritum
714 2065 824 2105 sanetum

56 2121 157 2176 glo-riam
176 2120 307 2177 spirituum
326 2121 402 2178 patris
422 2126 444 2166 et
463 2121 564 2176 gloriam
584 2122 686 2178 spiritus
703 2124 780 2169 saneti
801 2129 825 2169 et

56 2184 157 2239 gloriam
169 2184 214 2228 filii
229 2184 273 2228 dei.

86 2260 114 2304 58
129 2260 187 2305 Post
198 2261 239 2304 1155
252 2259 358 2304 aseendit
370 2260 457 2304 iterum
469 2258 645 2305 iherosolimam
657 2267 685 2307 ut
697 2260 823 2317 spiritibus

54 2322 178 2367 hominum
193 2323 369 2378 euangeliuaret
383 2323 483 2378 gloriam
498 2323 629 2379 spirituum
644 2324 721 2380 patris
736 2330 759 2370 et
775 2326 824 2381 glo-

55 2386 116 2431 riam
126 2386 226 2441 spiritus
236 2386 313 2431 saneti
324 2392 346 2431 et
357 2385 457 2441 gloriam
466 2384 511 2429 filii
521 2401 564 2442 per
574 2387 689 2443 spiritum
699 2393 824 2433 sanetum:

86 2462 130 2506 585
148 2461 195 2516 Qui
216 2462 293 2506 salbat
313 2459 413 2518 spiritus
432 2461 557 2506 1151515551
579 2463 607 2507 ab
628 2463 753 2519 spiritibus
774 2478 822 2509 ma-

54 2524 126 2580 lignis
141 2539 185 2580 per
200 2539 331 2570 sermonem
346 2539 415 2580 quem
430 2523 556 2579 spiritibus
571 2526 695 2571 hominum
711 2527 822 2572 dominus

54 2586 133 2633 ihesus
147 2589 240 2633 loeutus
255 2592 297 2633 est.
