1654 2799
42 45 122 85 OHAP.
133 44 182 83 Vir
215 44 404 82 EUANGELIUM
421 44 475 82 SEC.
486 43 645 82 IOHANNEM.
800 32 814 75 9

45 175 156 217 sanetum
176 169 277 226 gloriam
296 168 429 227 spirituum
449 170 526 227 petris
545 176 570 217 et
591 169 693 225 gloriam
713 167 814 225 spiritus

45 246 122 292 saneti
135 251 158 291 et
171 245 272 301 gloriam
284 245 328 290 filii
342 245 387 291 dei.

77 322 141 366 aut
165 321 199 366 ait
221 320 331 366 domiuus
355 321 433 366 ihesus
457 320 581 376 discipulis
604 319 666 365 suis:
690 319 815 375 Quantum

46 396 117 453 panis
130 396 229 442 habetis.

78 471 294 527 ilRespouderuut
315 469 442 527 disoipuli:
467 471 511 516 Est
533 485 595 526 puer
617 467 656 514 hio
679 472 721 525 qui
743 469 815 515 habet

48 546 153 603 quinque
163 560 236 602 panes
246 545 379 598 lrordiaoios
390 550 413 591 et
423 547 482 592 duos
492 546 580 602 pisoes:
591 550 626 590 set
636 545 678 589 hee
689 544 748 601 quid
758 549 815 589 sunt

47 621 111 666 iuter
125 627 204 666 tantos
219 622 333 666 homiues.

78 696 107 740 10
125 697 156 743 Et
168 696 230 742 dixit
241 695 365 752 disoipulis
377 696 438 742 suis:
450 697 532 742 Faoite
544 695 646 741 hominis
660 695 814 741 discumbere.

48 771 81 816 Et
96 770 276 816 discubuerunt.

79 846 107 889 11
125 847 157 891 Et
171 847 260 891 lebabit
274 847 366 892 oooulos
380 846 489 892 domiuus
503 847 582 891 ihesus
596 851 621 891 et
635 846 709 891 dixit:

79 921 123 965 Ha
139 921 213 966 Pater
231 921 363 977 spirituum
382 921 489 977 glorifica
507 920 608 977 spiritus
628 921 752 966 homiuum
772 935 815 977 per

1 1046 2 1049 Ἰ
48 995 161 1051 spiritum
176 1001 286 1042 sanetum
300 1004 327 1044 ut
342 996 398 1042 sooii
412 996 461 1042 siut
475 995 551 1052 glorie.
564 996 697 1053 spirituum
710 995 816 1041 filiorum

48 1071 93 1116 dei.

79 1146 123 1190 Hb
141 1145 261 1202 Spiritum
273 1146 379 1192 salbator
389 1147 455 1191 salba
465 1146 566 1203 spiritus
577 1145 702 1191 homiuum
714 1147 743 1191 ab
755 1146 816 1202 spir-

48 1220 121 1267 itibus
132 1221 244 1277 malignis
256 1229 283 1269 ut
295 1226 471 1277 cousequantur
483 1221 584 1277 gloriam
594 1222 727 1277 spirituum
737 1222 816 1278 patris

49 1302 72 1342 et
85 1296 187 1351 gloriam
201 1296 301 1352 spiritus
315 1297 392 1341 saneti
407 1302 430 1342 et
444 1297 546 1352 gloriam
560 1296 604 1341 filii
620 1297 665 1342 dei.

80 1371 121 1416 llo
139 1371 172 1416 Et
185 1369 309 1417 distribuit
320 1371 455 1416 homiuibus
468 1387 561 1428 panem.
590 1373 624 1417 Et
635 1373 739 1417 saturati
752 1376 816 1417 suut.

79 1446 108 1490 M
125 1446 158 1492 Et
173 1446 339 1501 glorifioabaut
353 1446 485 1503 spirituum
501 1451 595 1503 patrem
609 1453 634 1492 et.
649 1447 816 1503 glorifioabaut

48 1521 180 1576 spirituum
203 1522 346 1567 saltatorem
370 1527 394 1567 et
416 1521 583 1578 glorifieabaut
607 1522 685 1567 filium
709 1523 747 1568 dei
772 1537 817 1579 per

48 1595 162 1651 spiritum
177 1601 293 1641 sanetum.

80 1673 108 1717 Π
126 1673 159 1717 Et
174 1673 286 1729 discipuli
301 1674 459 1718 asoeuderrmt
474 1673 500 1717 iu
514 1674 606 1718 uabem.

1 1752 3 1770 ⁵
80 1748 108 1791 19
126 1749 159 1792 Et
175 1762 230 1793 oum
248 1748 404 1804 remigassent
421 1748 489 1804 quasi
506 1747 586 1793 stadia
602 1746 692 1803 uiginti
711 1747 816 1805 quinque

49 1824 88 1868 uel
103 1823 205 1878 triginta
220 1823 306 1868 uideut
320 1824 442 1869 domiuum
458 1824 550 1868 ihesum
566 1824 729 1869 ambulantem
744 1838 817 1881 super

49 1912 114 1943 mare
125 1903 149 1943 et
160 1899 296 1954 proximius
306 1899 364 1944 nabi
375 1898 427 1943 fieri
439 1903 461 1943 et
473 1898 615 1944 timuerunt.

80 1973 109 2017 20
126 1973 172 2018 ille
185 1978 264 2018 autem
277 1973 339 2019 dixit
353 1974 397 2019 eis:
410 1973 491 2018 Nolite
503 1973 593 2019 timere.

10 2104 11 2108 Ἰ
81 2049 126 2093 20a
141 2048 268 2104 Rogabaut
280 2064 335 2104 ergo
348 2048 470 2094 dominum
481 2049 586 2094 ihesum:
599 2048 759 2104 Quamobrem
771 2064 818 2095 am·

49 2123 119 2169 bulas
133 2137 205 2180 super
218 2138 291 2168 mare.

81 2200 126 2244 20b
143 2197 276 2256 Respondit
288 2198 398 2244 domiuus
409 2199 500 2243 ihesus:
512 2198 617 2245 Ambulo
629 2214 702 2256 super
713 2215 779 2246 mare
790 2206 818 2246 ut

49 2275 190 2320 hosteudam
204 2274 329 2331 spiritibus
343 2274 466 2319 homiuum
480 2274 582 2328 gloriam
595 2275 727 2331 spirituum
741 2275 818 2332 patris

1 2370 3 2403 3
51 2356 74 2397 et
85 2350 186 2407 gloriam
197 2349 297 2406 spiritus
309 2350 386 2395 saneti
397 2355 420 2395 et
429 2348 532 2405 gloriam
542 2349 587 2395 filii
598 2349 644 2395 dei.

407 2485 458 2531 Vll

82 2576 96 2620 1
112 2576 244 2632 Postquam
258 2592 302 2633 pro
318 2576 419 2634 gloriam
432 2575 565 2633 spirituum
580 2579 659 2635 patris
673 2584 697 2625 et
711 2594 755 2635 pro
771 2580 820 2636 glo-

5 2708 7 2717 ζ
52 2650 113 2696 riam
132 2652 233 2708 spiritus
251 2653 329 2698 saneti
349 2657 372 2698 et
388 2667 433 2709 pro
452 2653 554 2708 gloriam
572 2653 617 2699 filii
636 2655 674 2700 dei
693 2655 820 2712 spiritibus
