1654 2799
40 48 70 91 52
209 56 398 95 EUANGELIUM
414 56 468 95 SEC.
479 55 637 94 IOHANNEM.
663 55 754 103 [CHAP.
763 54 811 94 XX.

76 185 105 229 53
121 184 308 240 Responderunt
324 182 416 239 angelis
430 183 555 228 mulieres:
574 182 695 238 Quomodo
712 181 813 239 spiritus

45 259 169 305 hominum
185 259 286 314 gloriam
301 258 345 303 filii
361 258 398 304 dei
413 263 539 315 spernunt.

77 335 107 378 51
122 334 309 390 Responderunt
325 333 418 389 angeli:
438 333 485 389 Qui
503 333 605 390 gloriam
622 347 690 378 suam
708 337 814 389 querunt

46 410 148 465 gloriam
162 409 206 454 filii
221 409 261 454 dei
275 414 403 465 spernunt.

78 485 107 528 55
123 485 310 540 Responderunt
327 484 416 539 angelis
433 484 557 528 nudiores:
575 483 697 539 Quomodo
714 483 815 539 gloriam

46 558 91 606 filii
104 560 142 604 dei
155 560 256 615 spiritus
269 559 393 604 1155115551
407 564 520 615 querunt.

79 634 107 678 56
124 635 311 690 Responderunt
326 634 417 690 angeli:
432 634 479 678 Per
494 633 607 690 spiritum
621 637 740 678 sanetum.

79 709 108 754 51
124 710 311 766 Responderunt
327 709 417 765 angelis
432 709 557 754 mulieres:
576 708 698 763 Quomodo
715 709 815 764 gloriam

48 783 92 828 filii
105 784 142 829 dei
155 785 255 840 spiritns
267 784 392 829 hominum
405 787 587 840 oonsequentur.

80 859 109 903 58
125 860 313 916 Responderunt
331 859 422 915 angeli:
440 860 487 903 Per
504 859 618 915 spiritum
634 863 752 904 sanetum.

80 934 108 978 59
126 935 160 979 Et
174 935 253 990 angeli
269 934 435 980 disoesserrmt.
465 935 497 979 Et
512 933 624 979 mulieres
640 948 745 990 regresso
759 938 817 979 sunt

51 1023 63 1054 a
91 1016 244 1055 monumento
271 1015 296 1056 et
322 1010 486 1055 narraberunt
514 1009 637 1066 disoipulis
666 1024 712 1066 que
739 1009 818 1066 angeli

51 1085 169 1131 dixerant.

83 1161 111 1205 611
128 1161 161 1205 m
174 1160 342 1216 glorifieabant
357 1160 488 1217 spirituum
504 1165 597 1217 patrem
614 1166 636 1206 et
652 1160 819 1216 glorifioabant

51 1235 165 1291 spiritum
176 1240 286 1281 sanetum
298 1241 320 1282 et
332 1235 499 1292 glorifieabant
510 1235 587 1281 filium
600 1235 638 1281 dei
650 1250 693 1292 per
705 1235 819 1292 spiritum

51 1315 168 1356 sanetum.

84 1386 112 1430 51
130 1387 231 1431 511551
242 1385 408 1443 glorifioalrant
419 1386 551 1443 spirituum
562 1391 656 1442 patrem
668 1391 692 1431 51
704 1387 819 1442 glorifiea-

51 1462 111 1507 bant
128 1462 241 1518 spiritum
258 1461 683 1517 55551515151515111155115511111515
701 1461 751 1507 dei:
769 1463 820 1518 ipse

53 1535 163 1581 dominus
177 1537 256 1582 ihesus
269 1537 391 1583 hostendit
404 1537 530 1594 spiritibus
543 1538 630 1582 liorum
645 1538 745 1593 gloriam
761 1538 820 1594 spir-

52 1612 131 1657 ituum
143 1613 219 1668 patris
231 1618 254 1658 et
263 1612 366 1668 gloriam
376 1612 477 1669 spiritus
488 1613 564 1658 saneti
575 1618 598 1657 et
609 1611 710 1668 gloriam
719 1613 764 1658 filii
776 1613 820 1659 dei.

86 1688 114 1731 62
131 1688 164 1732 Et
179 1687 240 1732 dixit
255 1686 378 1744 discipulis
391 1687 454 1732 suis:
470 1688 522 1743 Ego
536 1689 599 1733 uado
614 1688 639 1732 in
654 1689 732 1733 155551
747 1688 820 1744 glorie

54 1762 186 1818 spirituum
200 1762 305 1808 filiorum
322 1762 367 1808 dei.

86 1838 113 1882 63
129 1838 161 1884 nt
173 1838 210 1882 1111
224 1837 420 1894 euangelinalrant
432 1838 557 1894 spiritibus
570 1838 694 1883 hominum
706 1854 750 1895 per
762 1839 822 1895 spir-

55 1913 116 1957 itum
131 1918 240 1958 sanetum
255 1914 356 1969 gloriam
369 1911 501 1969 spirituum
516 1913 594 1968 patris
608 1918 631 1959 et
646 1915 747 1969 gloriam
761 1915 822 1971 spir-

55 1991 104 2034 itus
115 1989 192 2033 saneti
205 1994 227 2034 51
239 1989 340 2044 gloriam
352 1988 400 2034 filio
411 1987 464 2034 dei:
478 1988 572 2033 domino
585 1988 653 2033 ihesu
666 1989 754 2035 ohristo
767 2004 823 2046 quo-

56 2069 170 2119 operante
185 2078 238 2108 oum
253 2064 376 2119 euangelio
389 2062 561 2120 perspiritum
573 2068 691 2108 sanetum.

87 2139 116 2182 64
132 2138 166 2185 Ut
177 2138 279 2194 spiritus
292 2137 416 2183 hominum
429 2138 581 2183 saltarentur
595 2139 623 2183 ab
637 2138 764 2195 spiritibus
775 2154 824 2185 ma-

55 2214 128 2269 lignis
138 2215 179 2269 qui
189 2214 292 2258 hodiunt
300 2213 401 2270 spiritus
411 2212 535 2258 hominum
546 2227 603 2268 quos
613 2213 745 2269 spirituum
755 2220 824 2271 pater

57 2294 80 2334 et
91 2288 193 2344 spiritus
206 2293 303 2334 sanetus
316 2293 339 2334 et
351 2287 416 2333 111155
429 2288 467 2333 dei
478 2286 593 2343 diligunt.
622 2289 707 2334 Amen.

89 2363 247 2409 EXPLICIT
264 2363 486 2409 EUANGELIUII
503 2362 685 2409 SECUNDUM
701 2364 826 2410 IOHAN-

57 2440 130 2484 Num
140 2439 345 2485 DISCIPULUII
355 2438 482 2483 INCIPIT
494 2437 596 2483 LIBER
605 2438 744 2486 Aornum
754 2440 826 2487 DIS-

59 2515 258 2562 GIPULORUII.
