1654 2799
45 39 123 78 onir.
134 39 206 87 riri]
242 39 430 77 surrentum
447 38 499 77 suo.
510 38 667 76 IOHANNEM.
786 27 814 70 19

79 166 123 211 oea
139 166 172 213 Ut
185 165 243 210 sooii
255 165 305 211 sint
319 165 393 221 glorie
406 163 538 222 spirituum
550 163 656 209 filiorum
670 163 708 209 dei
722 167 815 210 eterne:

48 255 120 297 quam
133 241 201 286 dabit·
212 240 313 297 spiritus
326 245 424 286 sanetus
435 239 562 296 spiritibus
574 239 711 284 hominum:

35 367 36 370 Ἴ
79 318 107 361 57
125 316 173 372 Qui
195 316 345 361 serbaberint
368 329 500 361 sermonem
523 315 654 372 spirituum
676 311 815 360 salbatoris:

48 406 118 447 quem
139 405 183 448 per
203 406 241 436 me
263 390 388 448 spiritibus
410 391 534 437 hominum
557 390 690 447 spirituum
710 390 816 435 salbator

48 467 141 511 loeutus
155 471 196 512 est.

78 542 107 585 58
124 541 246 587 Dixerunt
262 555 316 596 ergo
332 541 410 586 seribe
425 546 448 589 et
464 540 582 597 pharisei:
600 540 723 595 Quomodo
739 541 815 585 salba-

47 617 140 661 buntur
164 616 266 673 spiritus
291 615 415 661 hominum
442 617 471 661 ab
496 614 622 673 spiritibus
648 616 760 671 malignis
787 620 815 660 ut

48 691 122 747 glorie
139 691 269 747 spirituum
286 690 390 736 filiorum
407 691 445 737 dei
460 706 505 748 per
522 691 654 748 spirituum
672 691 815 736 saibatorem

47 766 172 812 soeiisint.

78 842 106 885 59
123 841 258 898 Respondit
274 841 384 887 dominus
399 842 491 887 ihesus:
508 840 615 898 Spiritus
630 841 754 886 hominum
770 842 815 887 sai—

46 916 170 961 babuntur
183 916 211 962 ab
224 916 350 973 spiritibus
362 917 473 973 malignis
486 932 529 974 per
542 931 675 962 sermonem
688 931 758 973 quem
772 931 814 972 ego

47 991 172 1047 spiritibus
194 991 318 1037 hominum
339 1006 382 1048 per
403 992 534 1049 spirituum
556 992 699 1037 salbatorem
720 994 814 1038 loeutus

47 1081 112 1111 sum:

79 1142 107 1186 60
124 1142 158 1188 Ut
181 1141 282 1198 spiritus
304 1141 428 1187 bominum
453 1142 605 1188 salbarentur
631 1157 675 1199 per
700 1142 814 1199 spiritum

46 1222 156 1262 sanetum
178 1218 206 1262 ab
227 1217 353 1274 spiritibus
372 1218 496 1273 malignis:
518 1224 540 1263 et
562 1218 663 1273 gloriam
682 1217 814 1274 spirituum

47 1292 124 1347 patris
137 1299 159 1340 et
172 1292 273 1348 gloriam
286 1292 416 1348 spirituum
429 1292 554 1338 saibatoris
568 1299 590 1339 et
604 1293 705 1348 gloriam
718 1293 762 1338 fflii
776 1294 814 1339 dei

47 1381 91 1422 per
107 1367 239 1424 spirituum
256 1368 399 1413 salbatorem
417 1373 619 1423 eonsequerentur
638 1373 751 1413 eternam.

410 1495 448 1539 IX

78 1597 91 1640 1
108 1596 243 1642 Preteriens
257 1611 300 1653 per
314 1597 456 1642 iherusalem
470 1598 533 1645 uidit
545 1612 634 1643 eeeum.

77 1672 141 1717 2Et
167 1672 379 1727 interrogaberunt
406 1686 459 1717 eum
488 1673 600 1729 discipuli
628 1675 762 1721 seribarum
789 1682 813 1722 et

47 1746 225 1802 phariseorum:
236 1747 314 1793 Rabbi
325 1748 367 1806 qui
377 1748 484 1804 peeeabit
496 1753 523 1794 ut
533 1749 572 1794 hio
583 1755 722 1796 naseeretur
734 1766 813 1797 eeeus:

46 1821 97 1877 ipse
112 1827 154 1867 aut
169 1826 280 1879 parentes
295 1822 352 1868 eius.

77 1898 90 1941 3
107 1897 241 1953 Respondit
252 1897 362 1943 domiuus
373 1898 463 1943 ihesus:
475 1898 557 1954 Neque
568 1899 606 1944 hie
617 1901 725 1956 pensabit
736 1917 812 1959 neque

47 1977 158 2027 parentes
175 1973 231 2017 eius.

77 2048 92 2091 4
108 2047 155 2102 Qui
169 2047 294 2104 spiritibus
307 2048 418 2104 malignis
431 2047 553 2094 serbiunt:
567 2064 611 2106 per
624 2051 755 2108 spirituum
768 2055 813 2099 sal-

46 2122 154 2168 batorem
180 2122 348 2169 liberabuntur
376 2137 418 2180 per
447 2122 548 2179 spiritus
575 2127 652 2171 saneti
681 2141 813 2174 sermonem

47 2212 116 2253 quem
133 2212 174 2253 ego
191 2197 317 2254 spiritibus
334 2198 456 2244 homimum
472 2199 566 2246 loeutus
584 2214 649 2246 sum:
667 2208 694 2248 ut
711 2204 812 2260 spiritus

45 2272 169 2318 hominum
193 2274 316 2319 saibeutur
340 2288 382 2331 per
404 2273 506 2330 spiritus
528 2276 605 2321 saneti
627 2291 759 2324 sermonem
783 2281 812 2325 ab

45 2348 171 2404 spiritibus
188 2349 306 2404 malignis.

76 2424 89 2467 5
108 2423 155 2478 Qui
169 2422 269 2480 spiritus
284 2428 361 2472 saneti
375 2437 506 2469 sermonem
520 2426 670 2473 serbaberint
684 2443 728 2485 per
743 2431 812 2487 spiri-

46 2505 97 2545 tum
110 2504 219 2545 sanetum
232 2500 390 2545 salbabuntur
404 2500 432 2544 ab
445 2499 571 2556 spiritibus
584 2502 709 2559 malignis:
723 2510 746 2551 et
760 2521 812 2552 eon-

45 2579 175 2630 sequentur
193 2574 294 2630 gloriam
309 2574 440 2631 spirituum
457 2575 562 2621 filiorum
580 2578 624 2623 dei.

73 2650 86 2694 6
103 2650 154 2695 Hee
165 2665 218 2695 eum
228 2650 326 2696 dixisset
336 2649 446 2697 dominus
456 2652 536 2697 ihesus
545 2652 669 2710 diseipuiis
679 2655 812 2703 seribarum
