1654 2799
33 38 63 81 50
202 47 391 86 EUANGELIUM
408 48 461 86 ΒΕΘ.
472 47 631 86 ΙΟΗΑΝΝΕΜ.
658 48 747 96 [ΟΗΑΡ.
757 47 805 87 XX.

67 174 97 218 24
113 175 299 230 Responderunt
312 173 403 230 angeli:
415 174 462 229 Qui
472 172 574 231 spiritus
584 174 662 219 saneti
673 188 805 219 sermonem

36 250 187 303 serboberint
198 251 298 295 eredent
311 264 354 305 per
367 249 471 305 gretiam
482 249 584 305 spiritus
599 249 675 295 saneti
689 250 715 294 in
729 249 805 304 gloria

36 324 81 368 filii
94 324 141 369 dei.

68 399 96 443 25
113 400 300 455 Responderunt
317 399 407 455 angelis
422 400 547 444 mulieres:
565 399 689 454 Quomodo
704 399 805 455 spiritus

37 475 161 520 hominum
175 476 273 521 eredent
285 476 311 520 in
324 473 401 531 glorie
413 474 458 519 filii
471 475 516 521 dei.

69 551 98 595 26
114 552 302 607 Responderunt
316 550 407 607 angeli:
422 551 470 596 Per
484 550 598 608 spiritum
613 554 730 596 sonetum.

69 627 97 671 27
114 627 302 682 Responderunt
314 626 403 682 angelis
415 627 540 672 mulieres:
555 626 676 681 Quomodo
690 641 733 683 per
745 627 806 683 spir-

38 703 100 747 itum
115 707 225 748 sanetum
241 702 342 759 gloriam
357 702 402 748 filii
418 703 456 748 dei
472 702 572 759 spiritus
587 702 712 747 liominum
727 716 806 747 eonse-

39 783 151 834 quentur.

70 854 98 897 23
115 854 302 909 Responderunt
326 853 417 909 angeli:
441 852 488 908 Qui
512 867 555 909 per
579 852 683 908 gretiam
705 853 806 909 spiritus

39 930 115 975 saneti
128 929 232 985 spiritus
245 929 321 974 saneti
337 943 468 974 sermonem
483 928 631 974 serbaberint
647 929 747 984 gloriam
762 928 807 973 filii

39 1005 77 1050 dei
91 1009 272 1061 eonsequentur.

70 1081 98 1124 22
116 1081 302 1136 Responderunt
334 1080 423 1135 angelis
453 1080 578 1125 mulieres:
610 1080 732 1135 Quomodo
763 1095 807 1136 per

39 1155 143 1211 gretiam
161 1155 263 1212 spiritus
283 1156 360 1200 saneti
378 1154 481 1211 spiritus
499 1156 623 1200 hominurn
643 1155 743 1210 glorium
763 1155 807 1199 filii

40 1231 78 1275 dei
91 1234 278 1286 oonsequentur:

72 1306 100 1350 30
117 1306 304 1361 Responderunt
327 1305 417 1361 angeli:
442 1305 489 1360 Qui
512 1319 556 1361 per
580 1305 684 1361 gratiam
707 1306 807 1361 spiritus

40 1381 117 1425 saneti
132 1381 232 1436 spiritus
246 1381 324 1425 saneti
339 1395 470 1426 sermonem
486 1381 634 1425 serbaberint
649 1381 808 1425 salbalnrntur

41 1457 70 1500 ab
91 1454 217 1512 spiritibus
239 1456 351 1511 malignis
375 1456 416 1511 qui
438 1456 538 1511 spiritus
561 1456 685 1500 hominum
707 1456 808 1512 spiritus

40 1533 118 1576 saneti
133 1545 265 1576 sermonem
280 1545 391 1587 spernere
406 1531 508 1576 iaoiunt.

72 1607 101 1651 31
117 1607 303 1663 Responderunt
320 1608 410 1663 angelis
426 1607 550 1651 mulieres:
568 1606 690 1662 Quomodo
708 1606 808 1664 spiritus

40 1683 141 1739 maligni
167 1683 269 1739 spiritus
296 1682 420 1727 hominum
444 1683 545 1739 spiritus
574 1683 650 1728 saneti
677 1697 809 1728 sermonem

40 1773 153 1815 spernere
166 1759 268 1804 iaciunt.

72 1835 101 1878 32
118 1835 304 1890 Responderunt
326 1834 417 1889 angeli:
438 1834 485 1878 Per
506 1832 607 1889 spiritus
628 1834 745 1890 malignos
768 1835 809 1890 qui

41 1909 142 1967 spiritus
164 1910 289 1955 hominum
313 1910 416 1966 gretiam
440 1909 540 1965 spiritus
565 1910 642 1955 saneti
668 1911 709 1965 qui
731 1911 810 1955 solbat

42 1986 142 2042 spiritus
152 1986 276 2031 hominum
286 1986 314 2030 ol]
325 1986 451 2042 spiritibus
461 1985 574 2040 malignis
584 2000 697 2041 spernere
706 1986 808 2031 feriunt.

73 2062 101 2106 33
118 2062 304 2118 Responderunt
321 2060 411 2116 angelis
428 2061 552 2106 mulieres:
570 2061 692 2116 Quomodo
709 2062 809 2118 spiritus

42 2137 142 2193 maligni
157 2137 259 2194 spiritus
275 2137 399 2182 hominum
415 2136 519 2192 gratiam
534 2136 635 2193 spiritus
653 2138 729 2182 saneti
745 2152 809 2194 sper-

42 2228 98 2259 nere
114 2213 216 2258 fneiunt.

74 2289 103 2334 34
120 2288 307 2345 Responderunt
333 2287 424 2343 angeli:
450 2286 558 2343 Spiritus
582 2288 683 2343 maligni
709 2288 809 2344 spiritus

43 2366 166 2410 hominum
185 2361 289 2419 gratiam
307 2362 407 2419 spiritus
425 2363 502 2407 saneti
521 2377 633 2419 spernere
652 2363 749 2409 fooiunt
767 2379 810 2420 per

43 2440 144 2497 spiritus
158 2440 275 2494 malignos
290 2439 331 2494 qui
345 2438 445 2494 spiritus
458 2437 583 2483 hominum
598 2438 700 2494 glorium
713 2439 758 2483 filii
773 2439 811 2485 dei

43 2529 155 2572 spernere
170 2514 272 2559 feriunt.

75 2591 103 2634 35
120 2590 307 2647 Responderunt
328 2589 417 2644 angelis
437 2588 561 2634 mulieres:
583 2588 630 2644 Qui
650 2589 752 2645 spiritus
771 2591 810 2635 lio-

43 2664 136 2711 minum
148 2665 249 2721 gloriam
260 2665 305 2709 filii
317 2666 355 2711 dei
366 2668 493 2721 spernunt.
