1654 2799
39 62 69 103 24
207 72 635 110 1111111111111111111111.
683 71 772 119 [onir.
782 70 809 110 n.

75 199 103 242 27
120 199 306 254 Responderunt
333 199 409 244 soribe
438 205 461 246 et
488 198 606 255 pharisei:
634 198 681 253 out
708 196 809 254 spiritus

44 274 120 320 saneti
139 288 270 319 sermonem
289 275 438 320 serbaberint
457 275 617 320 salbalruntur
636 274 664 319 ab
684 272 810 330 spiritibus

44 349 155 405 malignis
174 350 215 405 qui
231 350 332 406 spiritus
350 351 474 395 hominum
493 351 597 406 gratiam
614 348 715 406 spiritus
733 348 810 394 saneti

44 438 156 480 spernere
169 424 270 470 11111111.

407 576 446 620 XI

77 675 90 717 1
106 675 164 719 Post
178 689 249 730 quam
263 676 305 720 1111
318 674 444 732 spiritibus
456 674 580 721 hominum
591 690 636 731 pro
651 675 751 731 gloriam
765 675 812 731 spi-

46 749 138 795 rituum
150 750 229 806 *patris
245 756 267 795 11
281 765 328 806 pro
341 751 444 806 gloriam
457 751 558 808 spiritus
574 752 651 796 saneti
667 755 689 795 et
705 765 748 807 pro
764 751 812 806 glo-

46 825 107 869 riam
119 824 163 869 filii
177 825 227 870 dei:
240 825 375 880 glorificans
389 825 520 882 spirituum
533 831 627 882 patrem
641 831 663 870 et
677 824 812 881 glorifieans

46 898 160 955 spiritum
170 905 280 945 sanetum
291 906 313 948 11
324 900 460 956 glorifioans
470 901 547 946 filium
558 902 596 947 dei
607 901 813 956 euangelinaberat

47 990 91 1032 per
104 975 219 1031 spiritum
233 980 356 1020 1111111111
373 991 416 1032 pro
434 977 535 1031 gloriam
551 975 682 1032 spirituum
697 975 774 1032 patris
791 980 814 1021 11

47 1065 92 1108 pro
111 1050 211 1106 gloriam
229 1051 329 1106 spiritus
347 1053 424 1097 saneti
442 1056 465 1096 11
482 1066 527 1108 pro
545 1051 645 1108 gloriam
662 1050 706 1096 filii
724 1051 762 1097 dei
779 1051 813 1095 in-

48 1139 142 1180 gressus
153 1131 189 1171 est
200 1126 226 1170 in
237 1126 382 1171 loethaniam.

80 1222 93 1264 2
111 1223 144 1267 Et
158 1221 352 1277 1111111111111111
367 1223 543 1268 infirmabatur.

79 1321 92 1365 3
110 1321 230 1366 Miserunt
246 1336 300 1376 ergo
317 1334 408 1366 sorores
424 1320 474 1366 eins
492 1322 602 1375 angelum
619 1320 736 1366 diceutes:
753 1319 815 1365 Ueni

49 1395 105 1451 quia
118 1396 196 1441 111111
207 1401 286 1442 noster
299 1411 369 1451 quem
381 1396 461 1451 diligis
473 1395 618 1440 infirmatur.

80 1492 94 1535 4
110 1492 256 1548 Respondit:
268 1493 319 1536 Heo
331 1492 459 1537 infirmitas
472 1497 506 1537 est
515 1506 559 1548 pro
572 1492 672 1547 gloriam
684 1491 816 1548 spirituum

50 1568 127 1623 patris
143 1574 164 1613 et
180 1583 223 1624 pro
238 1567 339 1622 gloriam
353 1566 453 1623 spiritus
467 1567 545 1612 saneti
560 1572 582 1612 et
597 1582 641 1623 pro
657 1567 757 1622 gloriam
772 1566 816 1611 filii

50 1642 100 1687 dei:
113 1647 141 1687 ut
153 1632 269 1700 spiritilous
281 1643 405 1687 hominum
417 1643 558 1688 hostendere
571 1643 672 1698 gloriam
685 1642 817 1698 spirituum

51 1718 128 1774 patris
144 1723 166 1762 11
182 1717 282 1773 gloriam
298 1718 398 1774 spiritus
413 1718 490 1763 saneti
507 1722 529 1762 et
545 1716 645 1773 gloriam
659 1716 703 1762 filii
720 1718 758 1762 dei
773 1731 817 1774 per

50 1793 164 1848 spiritum
177 1797 293 1838 sanetum.
323 1793 374 1838 Heo
388 1793 450 1838 dixit
463 1793 554 1848 angelo.

83 1887 111 1930 11
129 1888 161 1931 Et
178 1892 232 1943 post
248 1888 290 1932 heo
307 1886 341 1932 ait
358 1886 483 1943 disoipulis
499 1886 561 1931 suis:
577 1887 645 1932 Uado
662 1891 689 1931 ut
706 1885 818 1931 suseitern

52 1976 106 2007 eum
120 1977 134 2006 a.
148 1976 236 2007 somno.

83 2056 111 2099 12
129 2055 250 2102 1111111111
266 2054 391 2112 disoipuli:
408 2056 510 2101 Domine
527 2054 546 2100 si
563 2055 652 2102 dormit
668 2056 749 2100 salbus
764 2055 818 2101 erit.

52 2198 54 2200 ,
83 2153 111 2197 13
129 2151 263 2208 Respondit
279 2152 388 2197 dominus
404 2153 496 2197 ihesus:
512 2152 616 2197 Lazarus
633 2152 722 2197 amious
738 2157 818 2197 noster

53 2227 167 2273 dormibit
186 2242 229 2284 pro
249 2227 349 2283 gloriam
367 2229 498 2284 spirituum
517 2228 596 2283 patris
613 2234 636 2275 11
655 2242 701 2284 pro
718 2228 819 2283 gloriam

53 2303 153 2359 spiritus
167 2303 243 2348 saneti
257 2309 280 2348 11
293 2318 336 2359 pro
348 2304 451 2359 ¹gloriam
463 2302 507 2348 filii
521 2303 571 2348 dei:
585 2308 620 2348 set
633 2303 751 2348 suseitabo
766 2317 820 2348 1111

53 2395 66 2425 1
79 2394 172 2424 somno:
185 2385 212 2424 ut
224 2380 364 2424 lrostendam
375 2379 502 2435 spiritibus
514 2379 638 2423 hominum
650 2378 820 2435 perspiritum

53 2460 163 2500 sanetum
184 2454 284 2511 gloriam
304 2455 435 2509 spirituum
455 2453 533 2510 patris
554 2460 576 2501 et
597 2454 698 2510 gloriam
719 2454 819 2510 spiritus

53 2532 130 2576 saneti
142 2536 165 2575 et
176 2530 277 2586 gloriam
289 2529 333 2574 filii
346 2530 383 2575 dei
393 2545 440 2586 pro
452 2529 552 2585 gloriam
564 2529 696 2586 spirituum
707 2530 785 2586 patris
797 2534 820 2575 et

54 2620 99 2662 pro
113 2606 214 2662 gloriam
228 2605 328 2661 spiritus
343 2606 419 2650 saneti
433 2610 456 2650 et
470 2620 513 2662 pro
528 2605 629 2660 gloriam
642 2604 686 2650 filii
701 2605 746 2651 dei.
