1654 2799
33 41 63 85 20
205 50 393 89 EUANGELIUM
409 51 462 89 SEC.
474 50 633 89 IOHANNEM.
665 49 804 97 [01111111.

37 183 60 223 et
71 177 237 234 phariseorum
247 178 299 223 tuto
311 177 451 234 superunsit
464 192 543 223 11111111
555 192 627 234 super
641 177 732 223 oeeuios
746 176 803 221 eius.

68 255 81 297 7
99 253 132 298 Et
153 252 226 297 dixit:
247 253 316 298 Unde
334 259 357 298 et
376 253 438 297 laha.
473 254 506 298 Et
526 252 587 299 tabit
605 253 698 297 oeeuios
718 257 740 297 et
761 265 804 308 per

36 327 151 384 spiritum
165 333 276 372 sanetum
291 328 361 373 uidit.

69 403 97 446 10
115 403 330 457 interrogaberunt
347 418 400 448 eum
415 401 491 448 seribe
509 409 532 449 et
546 402 664 459 pharisei:
681 401 804 456 Quomodo

38 479 117 534 aperti
129 484 186 523 sunt
201 479 275 523 0111111
288 478 332 524 tui.

70 554 98 597 ti
114 554 248 610 Respondit
264 553 347 598 seritis
363 559 388 599 et
403 554 532 610 phariseis:
550 553 696 610 Supernnsit
713 554 804 599 ooenios

37 643 107 674 meos.

70 704 98 747 12
115 704 301 760 Responderunt
315 704 390 749 seribe
405 710 427 750 et
441 704 559 761 pharisei:
573 704 620 750 Uhi
635 710 670 750 est
683 704 730 748 1111.

70 779 113 824 121
130 779 275 835 Respondit:
289 780 343 824 Non
355 779 410 825 seio,

70 855 98 898 15
115 855 303 911 Responderunt
318 855 393 899 seribe
411 860 433 900 et
450 853 567 911 pharisei:
585 854 707 909 Quomodo
723 868 805 910 super-

39 930 105 974 unsit
118 931 217 987 oeentos.

71 1005 115 1049 151
130 1004 265 1061 Respondit-
284 1004 368 1050 seribis
388 1010 411 1050 et
432 1005 561 1061 phariseis:
585 1006 635 1061 Ego
658 1004 709 1050 dixi
730 1005 805 1049 uobis

41 1080 200 1135 Qtramohrem
210 1095 246 1125 me
259 1081 347 1125 iterum
358 1081 520 1135 interrogatis.

71 1156 101 1199 21
117 1156 302 1212 Responderunt
319 1156 393 1200 soribe
411 1161 433 1201 et
448 1155 567 1211 pharisei:
584 1156 622 1200 Da
638 1155 739 1212 gloriam
755 1156 805 1201 deo.

40 1229 134 1276 Soimus
149 1231 204 1286 qnia
219 1231 257 1276 hio
272 1231 340 1276 homo
356 1235 466 1287 peeoator
482 1235 523 1277 est.

72 1306 100 1349 25
117 1306 251 1362 Respondit
274 1306 359 1352 sorihis
380 1311 403 1351 et
426 1306 555 1363 phariseis:
579 1306 626 1350 Hie
650 1305 712 1352 dixit
734 1306 807 1351 miehi

41 1381 174 1437 glorifieare
191 1381 322 1437 spirituum
338 1373 446 1438 peredit
463 1382 595 1437 giorifieare
612 1382 725 1437 spiritum
741 1396 806 1427 sano-

41 1461 93 1501 tum
108 1462 132 1501 et
146 1456 278 1511 gionfioare
293 1456 370 1501 fitium
385 1456 430 1502 dei.

72 1532 101 1576 26
118 1532 303 1588 Responderunt
318 1532 394 1577 serihe
411 1537 433 1577 et
447 1531 566 1588 pharisei:
582 1532 629 1576 Hie
643 1533 712 1578 homo
728 1532 807 1577 diaho-

40 1608 92 1652 ium
105 1608 183 1652 hahet..

72 1683 100 1726 21
117 1683 250 1739 Respondit
264 1682 347 1727 seritis
361 1688 384 1728 et
397 1682 526 1738 phariseis:
540 1682 617 1727 Homo
631 1683 673 1739 qui
686 1683 807 1728 eiiahoium

40 1758 112 1803 hahet
125 1773 173 1802 non
185 1763 263 1814 potest
277 1757 370 1814 aperire
385 1758 483 1803 ooouios.

72 1834 100 1877 28
118 1834 303 1889 Responderunt
317 1833 392 1879 serihe
408 1839 431 1879 et
443 1831 561 1889 pharisei:
576 1831 659 1878 Omnis
673 1837 714 1888 qui
728 1834 807 1879 diaho-

41 1910 93 1954 ium
105 1909 177 1954 hahet
192 1908 309 1964 glorifieat
324 1908 455 1964 spirituum
469 1912 563 1964 patrem
578 1914 601 1953 et
615 1908 733 1964 glorifieat
747 1909 807 1965 spir-

42 1984 104 2030 itum
117 1989 227 2029 sanetum
242 1989 264 2029 et
279 1983 397 2040 glorifioat
410 1983 487 2027 fitium
502 1983 547 2027 dei.

73 2060 101 2104 29
118 2059 251 2115 Respondit
264 2059 350 2105 serihis
364 2065 387 2104 et
400 2058 529 2116 phariseis:
545 2058 667 2113 Quomodo
681 2060 750 2105 homo
766 2060 807 2116 qui

43 2134 164 2181 diabolum
177 2135 249 2180 hahet
262 2139 339 2190 potest
352 2136 396 2180 1101
410 2135 505 2190 signum
519 2134 604 2180 faeere.

73 2211 101 2255 30
119 2210 305 2266 Responderunt
328 2210 403 2255 serihe
429 2215 453 2254 et
475 2209 592 2265 pharisei:
616 2209 663 2265 Qui
687 2210 808 2256 diabolum

41 2286 113 2331 habet
127 2285 187 2332 iaeit
201 2285 268 2340 signa
283 2300 325 2341 per
339 2285 474 2342 prinoipem
489 2284 644 2330 diabolorum.

73 2361 102 2405 31
119 2360 252 2417 Respondit
266 2360 348 2406 seribis
362 2366 385 2406 et
398 2360 527 2417 phariseis:
542 2360 589 2415 Qui
602 2361 724 2407 diaboium
737 2363 808 2407 hahet

42 2436 161 2493 glorifieat
175 2434 303 2481 dianetum.

42 2558 43 2563 ,
75 2512 104 2556 at
120 2511 306 2568 Responderunt
331 2511 406 2556 sorihe
433 2516 456 2556 et
481 2511 598 2567 pharisei:
624 2512 663 2557 ‘Tu
688 2513 809 2558 diabolum

42 2587 121 2632 habes.
149 2587 182 2632 Rt
195 2587 314 2632 eieeerunt
327 2601 387 2632 eum.

74 2663 119 2708 311
133 2663 166 2707 Et
186 2662 334 2718 glorificabat
354 2661 485 2719 spirituum
504 2667 598 2718 patrem
617 2667 641 2708 et
661 2663 809 2719 gtortfioabat
