1654 2799
32 63 189 111 calaria]
230 61 417 117 iutueamur
433 60 657 101 suoiormurru.
775 46 804 90 39

386 215 449 259 XVI

69 320 82 363 1
99 320 150 364 Heu
163 320 303 375 euangelizo
315 320 383 366 uobis
398 326 425 366 ut
439 319 542 376 spiritus
555 318 657 374 maligui
671 330 715 374 per
730 316 805 361 salba-

38 399 114 440 torem
126 394 259 450 spirituum
272 396 381 451 superati
394 396 444 440 siut
458 410 472 440 a
484 395 566 440 uobis:

68 470 82 513 2
98 469 196 525 Absque
210 469 330 525 sinagogis
344 470 434 516 taoient
448 470 555 515 homines
569 469 687 525 erpellere
700 481 756 513 uos:
771 471 807 512 set

38 544 107 589 uenit
125 545 185 589 liora
202 551 231 592 ut
250 545 326 590 omnis
345 546 386 600 qui
405 545 520 591 intertieit
539 543 686 600 eliseipulum
705 542 806 599 spiritus

38 619 115 664 saneti
129 619 262 664 arbitretur
274 634 297 664 se
306 609 448 676 'obsequium
460 624 568 677 prestare
583 620 632 665 deo

70 694 85 738 4
102 693 143 739 Set
153 694 197 739 lieo
209 695 303 740 loeutus
315 709 368 739 sum
380 696 449 740 uobis
460 701 489 741 ut
501 710 554 740 eum
567 694 662 740 uenerit
675 693 808 750 spirituum

39 769 146 814 salbator
159 774 273 824 suggerat
287 769 414 825 spiritibus
425 770 550 815 bominum
565 785 610 825 que
624 768 726 825 spiritus
742 782 808 813 sarro-

39 848 81 888 tus
96 858 140 899 per
154 859 191 888 me
209 844 304 888 dixerit.
336 844 387 889 Hee
403 845 505 901 spiritus
520 849 617 890 sauctus
633 859 683 889 uon
700 844 762 890 [lixit
779 843 808 887 ab

41 916 110 963 initio
122 918 179 974 quia
188 919 311 963 uobiscum
321 934 393 965 eram.

72 994 85 1036 5
102 993 173 1038 Nune
189 995 221 1039 ad
235 998 330 1050 patrem
346 994 477 1051 spirituum
492 1000 516 1042 et
532 995 563 1040 arl
578 995 722 1040 saltatorem
738 992 809 1050 spiri-

42 1072 111 1113 tuum
127 1069 221 1113 redibo:

74 1144 86 1187 6
104 1144 138 1188 Et
148 1144 205 1199 quia
215 1144 257 1189 hee
267 1145 361 1189 loeutus
372 1159 424 1190 sum
433 1145 500 1190 uobis
511 1144 613 1191 tristitia
624 1143 758 1201 inplebitur
769 1159 810 1190 eor

42 1223 157 1263 uestrum.

74 1297 87 1340 7
105 1295 147 1341 sa
161 1310 204 1351 ego
219 1295 347 1341 ueritatem
364 1295 415 1341 dieo
430 1296 511 1341 uobis:
528 1295 625 1352 expedit
639 1296 708 1341 uobis
723 1300 753 1340 ut
768 1310 810 1351 ego

43 1372 138 1416 uatlam.
171 1370 197 1416 81
212 1371 277 1416 enim
292 1386 341 1416 nori
355 1371 451 1417 habiero
468 1372 573 1417 salbator
588 1370 721 1428 spirituum
737 1371 811 1416 homi-

42 1461 104 1493 uum
122 1447 255 1503 paraelitus
272 1461 321 1492 non
338 1447 419 1492 ueniet
438 1447 469 1492 acl
486 1461 536 1492 uos.
569 1446 595 1492 81
615 1451 695 1492 autem
713 1447 811 1493 habiero

44 1522 150 1566 salbator
163 1521 293 1578 spirituum
305 1522 386 1567 ueniet
399 1522 429 1566 acl
441 1536 490 1567 uos.

76 1599 89 1642 8
107 1598 140 1643 Et
150 1613 206 1643 oum
218 1597 313 1643 uenerit
326 1603 410 1653 arguet
421 1597 523 1653 spiritus
534 1597 659 1642 homiuum
673 1598 701 1642 tle
715 1602 812 1654 peeeato

45 1674 110 1719 etde
123 1673 217 1718 iustitia
231 1680 253 1720 et
265 1674 344 1729 gloria
356 1671 488 1729 spirituum
500 1672 605 1717 filiorum
619 1673 664 1718 dei.

77 1749 106 1792 l2
122 1749 210 1794 Adime
226 1750 305 1794 multa
321 1749 395 1793 habeo
413 1748 480 1793 uobis
499 1748 577 1793 disere
594 1753 629 1793 set
646 1763 696 1793 uon
713 1749 813 1805 potestis

46 1829 144 1880 portare
154 1825 232 1869 morlo.

78 1899 105 1943 13
125 1899 185 1944 Cum
201 1903 281 1944 autem
296 1899 391 1944 uenerit
404 1899 511 1943 salbator
526 1898 671 1954 spirituum:
687 1899 814 1956 spiritibus

46 1974 170 2019 bominum
188 1974 291 2031 spiritus·
305 1978 404 2020 *sauctus
420 1974 546 2019 hostendet
564 1974 666 2030 gloriam
683 1974 815 2031 spirituum

47 2050 152 2096 filiorum
163 2050 208 2096 dei.

79 2127 107 2170 15
126 2125 213 2171 Omma
224 2140 269 2181 que
279 2125 351 2172 habet
361 2128 432 2182 pater
441 2138 495 2169 mea
506 2128 570 2170 sunt.

79 2208 108 2252 16
124 2208 247 2253 blodieum
262 2212 286 2252 et
300 2206 413 2252 uidebitis
428 2205 530 2262 gloriam
545 2206 623 2262 patris
638 2207 692 2252 mei.
723 2208 817 2253 lterum

48 2282 175 2328 sabbatum
186 2288 211 2328 et
223 2281 337 2327 uidebitis
350 2280 451 2338 gloriam
463 2280 508 2326 filii
522 2282 567 2327 dei.

81 2365 109 2409 17
126 2364 248 2409 Direrrmt
260 2378 319 2420 ergo
332 2363 444 2420 discipuli
457 2363 491 2408 acl
503 2377 535 2408 se.
566 2363 631 2419 Quid
644 2370 681 2410 est
694 2365 738 2410 hoo
754 2366 817 2421 [priori

50 2439 109 2485 elisit
122 2440 248 2485 modicum.

81 2518 109 2561 18
126 2517 251 2562 Nesoimus
263 2515 323 2572 quii
334 2514 449 2571 loquitur.

82 2599 109 2644 19
128 2597 246 2654 Coguobit
261 2597 370 2643 dominus
385 2597 463 2641 ilresus
479 2596 536 2651 quia
549 2596 663 2642 uolebant
677 2612 732 2643 eum
745 2597 819 2644 inter-
