1654 2799
38 48 116 86 GHAP.
127 48 176 96 Ν]
241 45 429 84 EUA‘NGELIUM
446 46 499 83 SEO.
511 45 669 83 IOHANNEM.
794 33 807 77 7

71 166 101 210 47
118 165 151 212 nt
164 163 263 220 quidam
274 164 343 209 homo
356 164 457 220 rogabat
469 162 593 209 dominum
604 163 699 207 ihesum
710 159 809 218 spiritui

41 240 86 299 filii
99 240 148 284 eius
162 238 326 294 euangelizare
340 239 441 294 gloriam
453 238 585 295 spirituum
597 237 703 283 filiorum
716 236 767 281 dei:
780 242 809 281 ut

42 320 227 371 consequeretur
243 328 287 370 per
302 313 417 370 spiritum
432 318 543 360 sanetum
558 313 661 369 gloriam
677 311 809 368 spirituum

41 390 147 436 filiorum
159 390 199 435 dei
213 392 343 445 antequam
355 393 496 435 moreretur.

73 466 102 509 50
118 463 252 521 Respondi-t
269 464 378 509 dominus
395 465 485 510 ihesus:
502 465 569 510 Uade
585 463 649 508 filius
666 467 722 507 tuus
738 462 808 507 uiuit.

42 541 76 585 Et
87 539 151 584 filius
164 541 213 586 eius
226 544 324 585 sanatus
336 543 377 585 est.

74 615 104 659 54
120 615 172 660 Ηο0
191 615 324 660 seeundum
336 614 438 670 signum
457 614 516 660 feeit
536 614 647 661 dominus
666 613 745 658 ihesus
765 627 809 670 pro

43 689 144 746 gloriam
159 690 291 746 spirituum
307 689 383 746 patris
401 696 423 736 et
439 705 482 747 pro
499 689 601 746 gloriam
616 688 718 746 spiritus
733 688 810 734 saneti

44 771 67 811 et
79 779 122 822 pro
136 764 237 821 gloriam
249 764 293 811 filii
307 764 351 810 dei.

412 841 441 886 V.

76 927 163 972 lPost
188 928 231 972 hee
256 942 301 984 pro
326 928 428 982 gloriam
454 927 586 984 spirituum
611 927 690 984 patris
716 932 740 972 et
766 941 810 984 pro

44 1002 146 1058 gloriam
161 1002 262 1059 spiritus
277 1003 354 1047 saneti
370 1008 394 1048 et
408 1017 451 1060 pro
468 1003 569 1059 gloriam
584 1002 629 1048 filii
645 1003 683 1048 dei
698 1003 810 1047 dominus

44 1078 124 1122 illesus
140 1077 247 1123 aseendit
263 1077 444 1123 irerosolimam.

75 1153 88 1197 5
106 1153 139 1197 Et
153 1153 222 1198 homo
238 1152 336 1208 quidam
351 1154 392 1209 qui
406 1153 510 1198 habebat
522 1152 689 1199 infirmitatem
703 1153 772 1199 hoeto
788 1157 812 1198 et

45 1228 147 1283 triginta
170 1241 256 1272 annos:
278 1243 323 1284 pro
345 1228 446 1283 gloriam
466 1228 598 1284 spirituum
620 1228 698 1285 patris
721 1234 745 1275 et
767 1242 811 1285 pro

45 1302 146 1358 gloriam
159 1303 259 1358 spiritus
273 1303 349 1349 saneti
360 1308 385 1348 et
396 1318 441 1359 pro
454 1303 556 1358 gloriam
567 1302 611 1348 filii
626 1304 664 1348 dei
678 1303 773 1349 sana-bit
786 1303 812 1347 in

44 1378 149 1423 sabbato.

76 1453 104 1496 16
122 1453 255 1508 Propterea·
268 1453 343 1498 soribe
359 1454 563 1509 persequebantur
580 1454 704 1499 domiuum
720 1454 812 1499 ihesum

46 1528 103 1583 quia
113 1528 156 1572 hoe
167 1528 258 1573 leeerat
269 1529 294 1572 iu
305 1529 409 1574 sabbato.

77 1603 105 1646 tt
122 1602 256 1659 Respondit
269 1603 352 1648 seribis
366 1604 474 1649 dominus
487 1604 579 1649 ihesus:
594 1604 668 1649 Pater
681 1603 813 1660 spirituum

47 1682 161 1733 operatur
173 1678 199 1722 in
211 1678 308 1724 sabbato
323 1684 346 1725 et
356 1678 457 1735 spiritus
469 1683 566 1724 sanetus
580 1684 603 1724 et
614 1679 681 1724 filius
693 1679 738 1725 dei.

78 1753 106 1796 18
123 1753 254 1809 Propterea
268 1754 343 1810 magis
358 1754 489 1809 querebant
501 1754 579 1799 seribe
591 1755 727 1800 interfluere
741 1755 813 1800 domi-

46 1844 106 1874 uum
119 1829 211 1874 ihesum
226 1830 282 1885 quia
296 1829 374 1874 filium
388 1830 425 1875 dei
440 1830 547 1884 equalem
562 1829 694 1885 spirituum
710 1831 776 1886 patri
791 1835 814 1875 et

47 1904 145 1960 spiritui
160 1909 241 1950 saneto
256 1919 279 1950 se
295 1904 406 1949 faoiebat.

79 1980 106 2023 te
123 1980 257 2035 Respondit
278 1979 364 2025 soribis
382 1978 493 2025 dominus
514 1979 605 2024 ihesus:
627 1981 679 2036 Ego
702 1986 725 2026 et
745 1986 815 2037 pater

47 2068 113 2099 meus
126 2060 149 2100 et
160 2054 260 2111 spiritus
271 2059 369 2100 sanetus
380 2056 443 2100 solus
455 2054 512 2098 deus
523 2069 614 2100 sumus.

79 2130 107 2173 20
124 2130 311 2186 Responderunt
321 2130 396 2175 seribe
409 2135 431 2175 et
443 2129 557 2175 dixerunt
569 2131 664 2176 domino
676 2131 756 2177 ihesu:
768 2131 815 2178 Ubi

49 2210 83 2250 est
95 2210 164 2261 pater
176 2211 238 2250 tuus.

79 2280 108 2324 21
125 2280 259 2336 Respondit
285 2280 368 2326 soribis
394 2278 503 2325 dominus
530 2280 622 2326 illesus:
649 2282 723 2328 Pater
749 2297 815 2328 meus

48 2357 148 2413 spiritus
162 2362 203 2402 est.
234 2371 236 2374 ·

80 2432 109 2476 22
125 2432 313 2488 Responderunt
322 2431 411 2476 seribe:
423 2431 521 2474 Patrem
533 2445 673 2487 germanum
686 2447 734 2478 non
744 2434 816 2478 lnabes

49 2515 85 2555 set
100 2508 194 2562 genitus
209 2506 279 2552 fuisti
294 2521 337 2563 per
353 2504 544 2551 fornieationem.

81 2583 109 2627 23
126 2583 261 2638 Respondit
277 2580 386 2627 dominus
402 2581 494 2625 illesus:
511 2582 564 2637 Ego
577 2582 673 2637 genitus
689 2582 727 2627 rui
743 2584 817 2630 adeo

50 2664 119 2714 patre
131 2673 174 2714 per
186 2657 300 2714 spiritum
309 2661 427 2723 sanetum.
