1654 2799
46 67 125 106 onir.
135 66 172 113 1,]
216 65 404 104 uomentium
421 65 474 103 suo.
485 64 643 102 ronnuumu.
787 50 816 92 23

81 190 109 233 18
126 186 260 244 Respondit
277 186 360 233 soribis
378 194 402 234 et-
417 187 547 245 phariseis:
566 187 613 241 Qui
630 185 732 242 gloriam
749 197 817 229 suam

50 269 155 320 querunt
168 263 294 319 spiritibus
307 262 416 309 serbiunt
430 262 549 318 malignis,

81 339 109 383 19
126 338 313 395 Responderunt
333 338 410 384 sorite
429 344 453 385 et
471 337 585 395 pharisei.
623 335 670 392 Qui
690 334 817 392 spiritibus

50 414 158 458 serbiunt
173 413 284 468 malignis
300 413 400 469 gloriam
414 427 481 458 suam
496 416 608 469 querunt.

50 539 51 542 Ἰ
81 489 110 532 20
126 488 260 544 Respondit
277 486 360 534 seribis
377 494 401 534 et
415 488 546 545 phariseis:
566 486 613 542 Qui
631 485 733 542 gloriam
749 498 818 530 suam

50 569 154 619 querunt
169 563 271 618 gloriam
284 562 415 619 spirituum
429 563 534 609 tiliorum
548 563 587 608 dei
599 565 728 617 spernunt.

81 638 110 681 21
126 637 312 694 Responderunt
324 638 399 683 soribe
411 643 435 683 et
445 637 563 695 pharisei:
577 637 624 692 Qui
637 636 738 692 gloriam
749 649 818 680 suam

50 718 155 769 querunt
168 712 270 769 gloriam
285 712 415 769 spirituum
429 713 534 759 filiorum
549 715 586 759 dei
601 715 727 768 spernunt.

81 788 110 831 22
127 788 260 844 Respondit
274 787 359 834 serilois
375 794 397 834 et
412 788 543 844 phariseis:
560 788 607 843 Qui
622 785 724 844 spiritus
740 785 817 830 saneti

49 876 181 908 sermonem
199 863 347 908 serbalierint
365 864 523 908 salbabuntur
542 864 571 907 ab
590 862 716 919 spiritibus
734 861 817 917 malig-

50 937 87 982 nis
104 939 145 993 qui
161 937 260 994 spiritus
276 938 400 983 hominum
414 954 459 994 pro
475 938 575 994 gloriam
591 937 723 994 spirituum
739 937 817 993 patris

51 1017 74 1059 et
84 1027 129 1068 pro
142 1013 242 1068 gloriam
253 1013 357 1069 spiritus
368 1014 444 1058 saneti
457 1019 480 1059 et
493 1028 536 1070 pro
551 1014 652 1069 gloriam
664 1011 710 1058 filii
723 1012 761 1057 dei
773 1026 817 1068 per

49 1087 164 1143 spiritum
196 1092 305 1133 sanetum
337 1093 439 1134 creatos:
471 1089 575 1145 gratiam
607 1087 708 1144 spiritus
740 1087 818 1132 saneti

50 1177 161 1218 spernere
175 1163 277 1208 fatiunt.

81 1238 110 1281 23
127 1237 314 1294 Responderunt
341 1237 416 1284 soribe
441 1243 466 1283 et
492 1237 610 1294 pharisei:
640 1237 687 1293 Qui
715 1237 817 1294 spiritus

50 1312 127 1358 saneti
146 1327 277 1358 sermonem
295 1313 445 1358 ‘serbaloerint
464 1314 623 1358 salbabuntur
642 1314 670 1358 ab
690 1313 817 1370 spiritibus

50 1388 162 1443 malignis
180 1389 221 1443 qui
238 1388 339 1444 spiritus
357 1387 480 1434 hominum
498 1389 602 1444 gratiam
620 1388 721 1445 spiritus
739 1388 818 1433 saneti

50 1478 162 1520 spernere
177 1464 279 1509 faciunt.

82 1539 112 1582 al
127 1539 261 1595 Respondit
275 1537 360 1584 peribis
376 1544 399 1584 et
414 1538 543 1594 phariseis:
560 1538 608 1594 Qui
623 1537 725 1595 spiritus
740 1538 818 1584 saneti

50 1627 182 1659 sermonem
194 1615 343 1659 seruauerint
354 1614 512 1659 satiabuntur
525 1615 553 1658 ab
564 1613 695 1669 spiritibus
705 1614 818 1670 malignis

52 1688 94 1744 qui
110 1690 212 1745 spiritus
228 1689 353 1734 hominum
368 1704 415 1746 pro
429 1689 532 1744 gloriam
550 1689 682 1745 spirituum
698 1690 777 1746 patris
795 1694 819 1736 et

51 1779 97 1821 pro
107 1764 208 1820 gloriam
219 1763 321 1821 spiritus
330 1765 407 1810 saneti
417 1769 440 1809 et
451 1779 494 1820 pro
507 1764 609 1820 gloriam
620 1764 665 1811 filii
677 1765 715 1810 dei
728 1769 819 1811 oreatos

52 1839 153 1895 gloriam
167 1839 298 1896 spirituum
312 1839 417 1884 filiorum
431 1840 468 1884 dei
483 1853 597 1895 spernere
611 1839 714 1885 iaciunt.

83 1914 111 1958 25
128 1914 315 1971 Responderunt
323 1914 399 1960 sorite
410 1919 432 1958 et
442 1914 560 1970 pharisei:
572 1914 619 1969 Qui
629 1914 731 1971 spiritus
741 1915 820 1961 saneti

51 2003 183 2035 sermonem
193 1990 344 2036 serbaberint
353 1990 513 2035 salbabuntur
526 1990 554 2035 ad)
566 1989 694 2046 spiritibus
706 1991 819 2048 malignis

52 2065 94 2120 qui
115 2065 215 2121 spiritus
237 2066 361 2110 hominum
381 2064 481 2120 gloriam
502 2064 634 2121 spirituum
654 2066 759 2111 filiorum
781 2066 820 2112 dai

52 2154 164 2196 spernere
177 2140 279 2186 sariunt.

52 2270 53 2277 ἵ
83 2217 112 2260 26
129 2217 262 2273 Respondit
277 2216 362 2262 soriliis
378 2220 401 2260 et
415 2214 545 2271 phariseis:
562 2216 609 2272 oui
625 2216 726 2273 spiritus
742 2218 820 2263 saneti

52 2305 184 2337 sermonem
200 2292 351 2338 serbaloerint
366 2291 527 2336 salbabuntur
545 2292 574 2336 ab
593 2291 720 2348 spiritibus
736 2293 820 2349 malig-

52 2366 90 2412 nis
106 2368 147 2423 qui
161 2367 264 2424 spiritus
276 2367 400 2412 liominum
414 2380 459 2421 pro
477 2366 578 2421 gloriam
595 2367 726 2424 spirituum
742 2369 820 2424 patris

53 2447 77 2488 et
94 2457 138 2498 pro
158 2443 259 2498 gloriam
276 2442 377 2499 spiritus
396 2441 473 2486 saneti
492 2448 516 2489 et
534 2457 580 2499 pro
597 2443 699 2499 gloriam
718 2443 762 2488 filii
781 2444 820 2489 dei

0 2540 1 2555 1
53 2523 143 2564 creatos
156 2519 262 2574 ¹{martiam
274 2517 376 2575 spiritus
391 2517 469 2562 saneti
482 2517 524 2573 qui
538 2518 617 2563 saltat
631 2518 732 2574 spiritus
746 2519 821 2566 homi-

53 2608 112 2639 num
126 2594 154 2639 al]
170 2593 297 2651 spiritibus
309 2592 422 2649 malignis
436 2606 550 2649 spernere
567 2593 669 2639 faciunt.
