1654 2799
36 76 65 117 22
203 81 630 122 111111111111111111111111,
678 80 768 128 [eurr.
777 79 804 118 11.

70 212 82 256 9
99 210 287 267 Responderunt
298 210 373 255 seribe
386 215 409 255 et
422 208 539 266 pharisei:
554 208 639 253 Omnis
650 208 691 264 qui
703 206 804 263 spiritus

39 287 116 331 saneti
135 300 267 332 sermonem
287 284 435 332 serbaberint
453 285 613 329 salhahuntur
632 283 660 328 ah
680 282 805 338 spiritibus

39 361 151 416 malignis
169 360 211 416 qui
229 359 329 416 spiritus
346 359 470 405 hominum
489 360 593 416 gratiam
611 358 711 415 spiritus
728 359 806 403 saneti

40 450 151 492 spernere
168 435 270 480 faeiuut.

71 511 99 555 m
116 510 250 567 Respondit
266 509 348 555 serihis
365 515 387 555 et
403 509 533 566 phariseis:
550 509 597 564 Qut
613 508 713 565 spiritns
729 508 806 553 saneti

40 600 172 630 sermonem
188 585 338 629 serhaherint
356 585 515 631 salhabuutur
534 585 562 630 ab
580 583 705 641 spiritibus
723 583 806 639 malig-

41 661 78 705 nis
97 661 138 716 qui
156 660 258 716 spiritus
274 659 399 705 hominum
418 660 533 716 gaudium
552 659 683 716 spirituum
702 658 807 703 filiorum

42 736 79 780 dei
95 750 206 792 spernere
222 734 323 780 taeiunt.

72 810 101 854 11
117 811 303 866 Responderunt
313 809 388 854 seribe
399 815 422 857 et
432 810 550 866 pharisei:
562 809 644 854 Omnis
655 809 696 865 qui
706 808 807 865 spiritus

41 886 118 931 saneti
138 900 269 932 sermonem
287 884 437 930 serbaherint
453 885 613 930 salbabuntur
633 884 661 929 ab
680 884 807 940 spiritibus

41 960 153 1016 malignis
182 961 223 1016 qui
252 960 352 1015 spiritus
381 960 505 1005 hominum
533 960 649 1016 gaudium
676 958 807 1016 spirituum

41 1034 146 1081 filiorum
159 1035 197 1080 dei
210 1049 322 1091 spernere
336 1035 438 1080 faeiunt.

73 1110 101 1154 12
118 1110 252 1166 Respondit
268 1109 352 1155 scribis
367 1115 390 1156 et
405 1110 534 1166 phariseis:
552 1110 598 1165 Qui
614 1109 716 1166 spiritus
730 1110 808 1155 saneti

42 1200 174 1231 sermonem
185 1186 334 1231 serhaherint
346 1186 505 1231 salhahuntur
518 1186 546 1230 ah
557 1185 684 1241 spiritibus
696 1185 807 1240 malignis

43 1260 84 1316 qui
110 1260 212 1316 spiritus
235 1259 359 1305 hominum
384 1260 499 1315 gaudium
523 1260 655 1317 spirituum
680 1260 758 1317 patris
784 1265 808 1305 et

42 1336 158 1391 gaudium
177 1334 277 1391 spiritus
297 1336 373 1380 saneti
394 1341 417 1381 et
437 1336 552 1391 gaudium
572 1335 616 1380 filii
636 1336 675 1381 dei
696 1350 807 1392 spernere

42 1410 144 1455 11111111.

73 1485 101 1529 13
118 1485 304 1541 Responderunt
314 1485 390 1530 serihe
400 1491 422 1533 et
433 1486 550 1542 pharisei:
562 1485 644 1530 Omnis
655 1486 696 1542 qui
706 1486 807 1542 spiritus

42 1560 119 1605 saneti
136 1575 268 1605 sermonem
288 1560 436 1606 serbaberint
454 1561 613 1606 salhabuntur
634 1561 662 1606 ab
680 1560 807 1617 spiritibus

42 1635 154 1691 malignis
165 1636 206 1691 qui
217 1636 317 1692 spiritus
327 1636 451 1681 hominum
462 1636 577 1700 gaudium
588 1636 719 1693 spirituum
730 1637 808 1693 patris

43 1715 66 1756 et
80 1711 195 1766 gaudium
210 1711 309 1767 spiritus
324 1711 401 1756 saneti
416 1718 439 1758 et
453 1711 568 1767 gaudium
583 1710 627 1756 filii
643 1712 680 1756 dei
695 1723 808 1767 ‘spernere

43 1786 145 1831 taeiunt.

74 1861 104 1905 11
119 1861 252 1917 Respondit
269 1861 351 1908 serihis
367 1867 391 1907 et
405 1861 535 1918 phariseis:
552 1861 599 1917 Qui
614 1861 716 1918 spiritus
731 1863 808 1908 saneti

40 1951 172 1982 sermonem
180 1937 330 1982 serbaberint
340 1951 384 1993 pro
395 1937 495 1993 gloriam
504 1937 635 1992 spirituum
644 1937 722 1993 patris
732 1942 755 1983 et
764 1952 808 1994 pro

43 2012 144 2067 gloriam
156 2011 256 2068 spiritus
269 2013 345 2057 saneti
357 2017 380 2058 et
392 2027 436 2068 pro
450 2011 550 2067 gloriam
562 2012 606 2057 filii
619 2013 669 2057 dei:
683 2013 809 2058 salbabun-

44 2092 85 2132 tur
98 2088 127 2131 ah
140 2087 265 2143 spiritibus
279 2088 390 2144 malignis
404 2088 445 2144 qui
459 2085 559 2144 spirit-us
572 2088 695 2134 hominum
710 2103 808 2145 querere

44 2163 145 2219 gloriam
158 2177 227 2208 suam
241 2163 342 2208 11111111.

74 2238 102 2282 15
119 2238 305 2294 Responderunt
315 2238 392 2283 serihe
404 2243 427 2284 et
439 2236 556 2295 pharisei:
569 2237 616 2293 out
629 2238 729 2294 gloriam
740 2253 809 2284 suam

44 2318 156 2370 querunt.

74 2389 103 2433 16
119 2389 254 2444 Respondit
270 2388 352 2434 serihis
369 2393 392 2434 et
406 2386 538 2445 phariseis:
556 2388 603 2444 Qui
620 2388 745 2445 spiritibus
762 2404 809 2435 ser-

43 2463 114 2509 hiunt
126 2464 238 2519 malignis
251 2464 351 2519 gloriam
364 2478 432 2509 suam
446 2467 558 2520 querunt.

74 2539 103 2584 17
119 2539 306 2596 Responderunt
329 2539 405 2586 serite
427 2544 450 2585 et
471 2538 590 2596 pharisei:
615 2539 662 2595 oui
682 2539 809 2597 spiritibus

43 2614 152 2660 serbiimt
165 2614 284 2671 malignis.
