<?xml version="1.0" encoding="UTF-8"?>
<!DOCTYPE html PUBLIC "-//W3C//DTD XHTML 1.0 Transitional//EN"
    "http://www.w3.org/TR/xhtml1/DTD/xhtml1-transitional.dtd">
<html xmlns="http://www.w3.org/1999/xhtml" xml:lang="en" lang="en">
 <head>
  <title>
</title>
<meta http-equiv="Content-Type" content="text/html;charset=utf-8" />
  <meta name='ocr-system' content='tesseract 3.04.00' />
  <meta name='ocr-capabilities' content='ocr_page ocr_carea ocr_par ocr_line ocrx_word'/>
</head>
<body>
  <div class='ocr_page' id='page_1' title='image "MN41534ucmf_0_0051.png"; bbox 0 0 1654 2799; ppageno 0'>
   <div class='ocr_carea' id='block_1_1' title="bbox 54 56 810 116">
    <p class='ocr_par' dir='ltr' id='par_1_1' title="bbox 54 56 810 116">
     <span class='ocr_line' id='line_1_1' title="bbox 54 56 810 116; baseline -0.012 -9"><span class='ocrx_word' id='word_1_1' title='bbox 54 69 135 110; x_wconf 82' lang='lat' dir='ltr'><strong>CHAP.</strong></span> <span class='ocrx_word' id='word_1_2' title='bbox 144 68 193 116; x_wconf 72' lang='lat' dir='ltr'>IX]</span> <span class='ocrx_word' id='word_1_3' title='bbox 224 67 414 107; x_wconf 84' lang='lat' dir='ltr'>EUANGELIUM</span> <span class='ocrx_word' id='word_1_4' title='bbox 431 68 484 105; x_wconf 61' lang='grc' dir='ltr'>ΒΕΘ.</span> <span class='ocrx_word' id='word_1_5' title='bbox 495 67 654 105; x_wconf 83' lang='lat' dir='ltr'><strong>IOHANNEM.</strong></span> <span class='ocrx_word' id='word_1_6' title='bbox 796 56 810 98; x_wconf 82' lang='lat'><strong>2</strong></span> 
     </span>
    </p>
   </div>
   <div class='ocr_carea' id='block_1_2' title="bbox 57 180 821 304">
    <p class='ocr_par' dir='ltr' id='par_1_2' title="bbox 57 180 821 304">
     <span class='ocr_line' id='line_1_2' title="bbox 57 180 821 240; baseline -0.009 -11"><span class='ocrx_word' id='word_1_7' title='bbox 57 184 173 240; x_wconf 88' lang='lat' dir='ltr'>spiritum</span> <span class='ocrx_word' id='word_1_8' title='bbox 185 187 296 229; x_wconf 86' lang='lat' dir='ltr'>sanetum</span> <span class='ocrx_word' id='word_1_9' title='bbox 309 188 332 228; x_wconf 91' lang='lat' dir='ltr'>et</span> <span class='ocrx_word' id='word_1_10' title='bbox 347 182 497 238; x_wconf 85' lang='lat' dir='ltr'>glorifioahat</span> <span class='ocrx_word' id='word_1_11' title='bbox 509 181 586 227; x_wconf 82' lang='lat' dir='ltr'>filium</span> <span class='ocrx_word' id='word_1_12' title='bbox 602 181 640 227; x_wconf 81' lang='lat' dir='ltr'>dei</span> <span class='ocrx_word' id='word_1_13' title='bbox 654 195 698 238; x_wconf 87' lang='lat' dir='ltr'>per</span> <span class='ocrx_word' id='word_1_14' title='bbox 712 180 821 237; x_wconf 71' lang='lat' dir='ltr'>spiritui·</span> 
     </span>
     <span class='ocr_line' id='line_1_3' title="bbox 57 263 174 304; baseline 0 0"><span class='ocrx_word' id='word_1_15' title='bbox 57 263 174 304; x_wconf 85' lang='lat' dir='ltr'>sanetum.</span> 
     </span>
    </p>
   </div>
   <div class='ocr_carea' id='block_1_3' title="bbox 2 419 827 2362">
    <p class='ocr_par' dir='ltr' id='par_1_3' title="bbox 58 419 826 704">
     <span class='ocr_line' id='line_1_4' title="bbox 89 419 826 478; baseline -0.001 -13"><span class='ocrx_word' id='word_1_16' title='bbox 89 421 103 465; x_wconf 81' lang='lat'>1</span> <span class='ocrx_word' id='word_1_17' title='bbox 120 422 153 467; x_wconf 80' lang='lat' dir='ltr'>nt</span> <span class='ocrx_word' id='word_1_18' title='bbox 164 421 227 467; x_wconf 81' lang='lat' dir='ltr'>dixit</span> <span class='ocrx_word' id='word_1_19' title='bbox 237 421 321 467; x_wconf 84' lang='lat' dir='ltr'>seribis</span> <span class='ocrx_word' id='word_1_20' title='bbox 333 426 355 467; x_wconf 88' lang='lat' dir='ltr'>et</span> <span class='ocrx_word' id='word_1_21' title='bbox 367 421 496 478; x_wconf 76' lang='lat' dir='ltr'>phariseis:</span> <span class='ocrx_word' id='word_1_22' title='bbox 509 421 587 465; x_wconf 87' lang='lat' dir='ltr'>Amen</span> <span class='ocrx_word' id='word_1_23' title='bbox 600 434 668 465; x_wconf 85' lang='lat' dir='ltr'>amen</span> <span class='ocrx_word' id='word_1_24' title='bbox 681 420 732 466; x_wconf 83' lang='lat' dir='ltr'>dieo</span> <span class='ocrx_word' id='word_1_25' title='bbox 744 419 826 465; x_wconf 87' lang='lat' dir='ltr'>uolois:</span> 
     </span>
     <span class='ocr_line' id='line_1_5' title="bbox 59 495 826 554; baseline -0.001 -13"><span class='ocrx_word' id='word_1_26' title='bbox 59 496 106 551; x_wconf 73' lang='lat' dir='ltr'>out</span> <span class='ocrx_word' id='word_1_27' title='bbox 116 495 267 544; x_wconf 79' lang='lat' dir='ltr'>serbaberint</span> <span class='ocrx_word' id='word_1_28' title='bbox 278 496 379 554; x_wconf 84' lang='lat' dir='ltr'>spiritus</span> <span class='ocrx_word' id='word_1_29' title='bbox 391 498 467 542; x_wconf 83' lang='lat' dir='ltr'>saneti</span> <span class='ocrx_word' id='word_1_30' title='bbox 479 511 612 542; x_wconf 88' lang='lat' dir='ltr'>sermonem</span> <span class='ocrx_word' id='word_1_31' title='bbox 623 496 783 541; x_wconf 82' lang='lat' dir='ltr'>salhahuntur</span> <span class='ocrx_word' id='word_1_32' title='bbox 796 495 826 541; x_wconf 82' lang='lat' dir='ltr'>ab</span> 
     </span>
     <span class='ocr_line' id='line_1_6' title="bbox 58 571 816 630; baseline 0 -14"><span class='ocrx_word' id='word_1_33' title='bbox 58 572 184 630; x_wconf 85' lang='lat' dir='ltr'>spiritibus</span> <span class='ocrx_word' id='word_1_34' title='bbox 198 572 323 628; x_wconf 83' lang='lat' dir='ltr'>malignis:</span> <span class='ocrx_word' id='word_1_35' title='bbox 339 573 380 628; x_wconf 86' lang='lat' dir='ltr'>qui</span> <span class='ocrx_word' id='word_1_36' title='bbox 394 573 498 618; x_wconf 79' lang='lat' dir='ltr'>hodiunt</span> <span class='ocrx_word' id='word_1_37' title='bbox 512 572 613 628; x_wconf 88' lang='lat' dir='ltr'>spiritus</span> <span class='ocrx_word' id='word_1_38' title='bbox 628 571 752 617; x_wconf 86' lang='lat' dir='ltr'>hominu-m</span> <span class='ocrx_word' id='word_1_39' title='bbox 768 586 816 627; x_wconf 88' lang='lat' dir='ltr'>quo</span> 
     </span>
     <span class='ocr_line' id='line_1_7' title="bbox 58 647 764 704; baseline 0 -13"><span class='ocrx_word' id='word_1_40' title='bbox 58 647 189 703; x_wconf 73' lang='lat' dir='ltr'>spirituum</span> <span class='ocrx_word' id='word_1_41' title='bbox 199 652 271 704; x_wconf 64' lang='lat' dir='ltr'>prater</span> <span class='ocrx_word' id='word_1_42' title='bbox 284 653 306 693; x_wconf 88' lang='lat' dir='ltr'>et</span> <span class='ocrx_word' id='word_1_43' title='bbox 319 647 420 704; x_wconf 86' lang='lat' dir='ltr'>spiritus</span> <span class='ocrx_word' id='word_1_44' title='bbox 432 652 529 693; x_wconf 84' lang='lat' dir='ltr'>sanetus</span> <span class='ocrx_word' id='word_1_45' title='bbox 542 652 566 693; x_wconf 87' lang='lat' dir='ltr'>et</span> <span class='ocrx_word' id='word_1_46' title='bbox 578 662 620 702; x_wconf 91' lang='lat' dir='ltr'>ego</span> <span class='ocrx_word' id='word_1_47' title='bbox 635 647 764 702; x_wconf 75' lang='lat' dir='ltr'>diligimus.</span> 
     </span>
    </p>

    <p class='ocr_par' dir='ltr' id='par_1_4' title="bbox 59 722 827 930">
     <span class='ocr_line' id='line_1_8' title="bbox 89 722 817 780; baseline -0.001 -14"><span class='ocrx_word' id='word_1_48' title='bbox 89 722 103 766; x_wconf 83' lang='lat'>2</span> <span class='ocrx_word' id='word_1_49' title='bbox 121 722 168 778; x_wconf 72' lang='lat' dir='ltr'>Qui</span> <span class='ocrx_word' id='word_1_50' title='bbox 182 723 332 768; x_wconf 83' lang='lat' dir='ltr'>serbaberint</span> <span class='ocrx_word' id='word_1_51' title='bbox 345 722 446 780; x_wconf 88' lang='lat' dir='ltr'>spiritus</span> <span class='ocrx_word' id='word_1_52' title='bbox 459 723 537 769; x_wconf 87' lang='lat' dir='ltr'>saneti</span> <span class='ocrx_word' id='word_1_53' title='bbox 552 737 686 768; x_wconf 82' lang='lat' dir='ltr'>sermonem</span> <span class='ocrx_word' id='word_1_54' title='bbox 700 722 817 768; x_wconf 81' lang='lat' dir='ltr'>salbohun</span> 
     </span>
     <span class='ocr_line' id='line_1_9' title="bbox 59 797 827 855; baseline -0.004 -13"><span class='ocrx_word' id='word_1_55' title='bbox 59 802 100 842; x_wconf 91' lang='lat' dir='ltr'>tur</span> <span class='ocrx_word' id='word_1_56' title='bbox 112 798 141 843; x_wconf 89' lang='lat' dir='ltr'>ab</span> <span class='ocrx_word' id='word_1_57' title='bbox 153 798 280 854; x_wconf 83' lang='lat' dir='ltr'>spiritibus</span> <span class='ocrx_word' id='word_1_58' title='bbox 292 798 416 854; x_wconf 87' lang='lat' dir='ltr'>malignis:</span> <span class='ocrx_word' id='word_1_59' title='bbox 428 799 469 855; x_wconf 88' lang='lat' dir='ltr'>qui</span> <span class='ocrx_word' id='word_1_60' title='bbox 482 798 583 855; x_wconf 86' lang='lat' dir='ltr'>spiritus</span> <span class='ocrx_word' id='word_1_61' title='bbox 595 798 719 843; x_wconf 88' lang='lat' dir='ltr'>hominum</span> <span class='ocrx_word' id='word_1_62' title='bbox 731 797 827 843; x_wconf 68' lang='lat' dir='ltr'>faoiunr</span> 
     </span>
     <span class='ocr_line' id='line_1_10' title="bbox 59 872 421 930; baseline 0.006 -13"><span class='ocrx_word' id='word_1_63' title='bbox 59 872 185 929; x_wconf 84' lang='lat' dir='ltr'>spirit-ihus</span> <span class='ocrx_word' id='word_1_64' title='bbox 199 874 288 919; x_wconf 88' lang='lat' dir='ltr'>serbire</span> <span class='ocrx_word' id='word_1_65' title='bbox 302 873 421 930; x_wconf 85' lang='lat' dir='ltr'>malignis.</span> 
     </span>
    </p>

    <p class='ocr_par' dir='ltr' id='par_1_5' title="bbox 59 947 818 1156">
     <span class='ocr_line' id='line_1_11' title="bbox 90 947 818 1007; baseline 0 -14"><span class='ocrx_word' id='word_1_66' title='bbox 90 948 103 993; x_wconf 84' lang='lat'>3</span> <span class='ocrx_word' id='word_1_67' title='bbox 120 948 307 1005; x_wconf 67' lang='lat' dir='ltr'>Responderunt</span> <span class='ocrx_word' id='word_1_68' title='bbox 321 947 399 995; x_wconf 86' lang='lat' dir='ltr'>soribe</span> <span class='ocrx_word' id='word_1_69' title='bbox 415 954 437 995; x_wconf 88' lang='lat' dir='ltr'>et</span> <span class='ocrx_word' id='word_1_70' title='bbox 452 948 572 1007; x_wconf 82' lang='lat' dir='ltr'>pharisei:</span> <span class='ocrx_word' id='word_1_71' title='bbox 591 948 674 995; x_wconf 89' lang='lat' dir='ltr'>Omnis</span> <span class='ocrx_word' id='word_1_72' title='bbox 691 949 733 1005; x_wconf 88' lang='lat' dir='ltr'>qui</span> <span class='ocrx_word' id='word_1_73' title='bbox 749 948 818 994; x_wconf 87' lang='lat' dir='ltr'>serba</span> 
     </span>
     <span class='ocr_line' id='line_1_12' title="bbox 59 1022 815 1081; baseline 0.001 -14"><span class='ocrx_word' id='word_1_74' title='bbox 59 1022 139 1069; x_wconf 73' lang='lat' dir='ltr'>¹serint</span> <span class='ocrx_word' id='word_1_75' title='bbox 149 1023 250 1080; x_wconf 86' lang='lat' dir='ltr'>spiritus</span> <span class='ocrx_word' id='word_1_76' title='bbox 261 1025 338 1070; x_wconf 86' lang='lat' dir='ltr'>saneti</span> <span class='ocrx_word' id='word_1_77' title='bbox 348 1039 479 1071; x_wconf 87' lang='lat' dir='ltr'>sermonem</span> <span class='ocrx_word' id='word_1_78' title='bbox 489 1025 650 1070; x_wconf 81' lang='lat' dir='ltr'>salbahuntur</span> <span class='ocrx_word' id='word_1_79' title='bbox 661 1025 689 1069; x_wconf 83' lang='lat' dir='ltr'>ab</span> <span class='ocrx_word' id='word_1_80' title='bbox 700 1024 815 1081; x_wconf 84' lang='lat' dir='ltr'>spiritibu</span> 
     </span>
     <span class='ocr_line' id='line_1_13' title="bbox 59 1098 602 1156; baseline 0.004 -14"><span class='ocrx_word' id='word_1_81' title='bbox 59 1098 172 1154; x_wconf 87' lang='lat' dir='ltr'>malignis</span> <span class='ocrx_word' id='word_1_82' title='bbox 185 1099 226 1155; x_wconf 88' lang='lat' dir='ltr'>qui</span> <span class='ocrx_word' id='word_1_83' title='bbox 240 1099 342 1156; x_wconf 80' lang='lat' dir='ltr'>spiritus</span> <span class='ocrx_word' id='word_1_84' title='bbox 353 1100 477 1145; x_wconf 87' lang='lat' dir='ltr'>hominum</span> <span class='ocrx_word' id='word_1_85' title='bbox 491 1100 602 1145; x_wconf 87' lang='lat' dir='ltr'>hodiunt.</span> 
     </span>
    </p>

    <p class='ocr_par' dir='ltr' id='par_1_6' title="bbox 59 1171 825 1457">
     <span class='ocr_line' id='line_1_14' title="bbox 90 1171 825 1232; baseline 0.003 -15"><span class='ocrx_word' id='word_1_86' title='bbox 90 1174 105 1217; x_wconf 76' lang='lat'>4</span> <span class='ocrx_word' id='word_1_87' title='bbox 120 1174 254 1230; x_wconf 86' lang='lat' dir='ltr'>Respondit</span> <span class='ocrx_word' id='word_1_88' title='bbox 271 1174 381 1220; x_wconf 87' lang='lat' dir='ltr'>dominus</span> <span class='ocrx_word' id='word_1_89' title='bbox 397 1176 475 1220; x_wconf 90' lang='lat' dir='ltr'>ihesus</span> <span class='ocrx_word' id='word_1_90' title='bbox 492 1174 575 1220; x_wconf 79' lang='lat' dir='ltr'>scribis</span> <span class='ocrx_word' id='word_1_91' title='bbox 592 1180 616 1220; x_wconf 89' lang='lat' dir='ltr'>et</span> <span class='ocrx_word' id='word_1_92' title='bbox 631 1171 762 1232; x_wconf 83' lang='lat' dir='ltr'>phariseis:</span> <span class='ocrx_word' id='word_1_93' title='bbox 779 1174 825 1230; x_wconf 72' lang='lat' dir='ltr'>Qu&#39;</span> 
     </span>
     <span class='ocr_line' id='line_1_15' title="bbox 59 1249 824 1305; baseline -0.003 -11"><span class='ocrx_word' id='word_1_94' title='bbox 59 1249 209 1295; x_wconf 74' lang='lat' dir='ltr'>serbaloerint</span> <span class='ocrx_word' id='word_1_95' title='bbox 233 1249 333 1305; x_wconf 83' lang='lat' dir='ltr'>spiritus</span> <span class='ocrx_word' id='word_1_96' title='bbox 356 1251 433 1296; x_wconf 88' lang='lat' dir='ltr'>saneti</span> <span class='ocrx_word' id='word_1_97' title='bbox 456 1265 588 1296; x_wconf 88' lang='lat' dir='ltr'>sermonem</span> <span class='ocrx_word' id='word_1_98' title='bbox 614 1251 773 1295; x_wconf 84' lang='lat' dir='ltr'>salbabuntur</span> <span class='ocrx_word' id='word_1_99' title='bbox 798 1264 824 1294; x_wconf 80' lang='lat' dir='ltr'>a·</span> 
     </span>
     <span class='ocr_line' id='line_1_16' title="bbox 59 1324 818 1382; baseline -0.003 -11"><span class='ocrx_word' id='word_1_100' title='bbox 59 1325 186 1382; x_wconf 83' lang='lat' dir='ltr'>spiritibus</span> <span class='ocrx_word' id='word_1_101' title='bbox 202 1325 314 1381; x_wconf 86' lang='lat' dir='ltr'>malignis</span> <span class='ocrx_word' id='word_1_102' title='bbox 332 1326 373 1382; x_wconf 88' lang='lat' dir='ltr'>qui</span> <span class='ocrx_word' id='word_1_103' title='bbox 389 1326 491 1382; x_wconf 88' lang='lat' dir='ltr'>spiritus</span> <span class='ocrx_word' id='word_1_104' title='bbox 506 1325 630 1371; x_wconf 88' lang='lat' dir='ltr'>hominum</span> <span class='ocrx_word' id='word_1_105' title='bbox 648 1326 750 1382; x_wconf 85' lang='lat' dir='ltr'>gloriam</span> <span class='ocrx_word' id='word_1_106' title='bbox 766 1324 818 1382; x_wconf 85' lang='lat' dir='ltr'>spir</span> 
     </span>
     <span class='ocr_line' id='line_1_17' title="bbox 60 1401 540 1457; baseline 0 -12"><span class='ocrx_word' id='word_1_107' title='bbox 60 1402 139 1446; x_wconf 88' lang='lat' dir='ltr'>ituum</span> <span class='ocrx_word' id='word_1_108' title='bbox 149 1401 254 1446; x_wconf 84' lang='lat' dir='ltr'>filiorum</span> <span class='ocrx_word' id='word_1_109' title='bbox 266 1402 304 1446; x_wconf 87' lang='lat' dir='ltr'>dei</span> <span class='ocrx_word' id='word_1_110' title='bbox 316 1415 426 1457; x_wconf 85' lang='lat' dir='ltr'>spernere</span> <span class='ocrx_word' id='word_1_111' title='bbox 439 1401 540 1446; x_wconf 76' lang='lat' dir='ltr'>faciunt.</span> 
     </span>
    </p>

    <p class='ocr_par' dir='ltr' id='par_1_7' title="bbox 61 1475 827 1758">
     <span class='ocr_line' id='line_1_18' title="bbox 91 1475 827 1532; baseline 0 -12"><span class='ocrx_word' id='word_1_112' title='bbox 91 1476 104 1520; x_wconf 88' lang='lat'>5</span> <span class='ocrx_word' id='word_1_113' title='bbox 121 1476 307 1532; x_wconf 73' lang='lat' dir='ltr'>Responderunt</span> <span class='ocrx_word' id='word_1_114' title='bbox 319 1476 394 1521; x_wconf 85' lang='lat' dir='ltr'>seribe</span> <span class='ocrx_word' id='word_1_115' title='bbox 408 1482 430 1521; x_wconf 92' lang='lat' dir='ltr'>et</span> <span class='ocrx_word' id='word_1_116' title='bbox 442 1477 560 1532; x_wconf 85' lang='lat' dir='ltr'>pharisei:</span> <span class='ocrx_word' id='word_1_117' title='bbox 576 1476 658 1521; x_wconf 87' lang='lat' dir='ltr'>Omnis</span> <span class='ocrx_word' id='word_1_118' title='bbox 672 1476 714 1532; x_wconf 83' lang='lat' dir='ltr'>qui</span> <span class='ocrx_word' id='word_1_119' title='bbox 727 1475 827 1532; x_wconf 84' lang='lat' dir='ltr'>spiritu</span> 
     </span>
     <span class='ocr_line' id='line_1_19' title="bbox 61 1552 827 1608; baseline 0.003 -14"><span class='ocrx_word' id='word_1_120' title='bbox 61 1552 137 1596; x_wconf 85' lang='lat' dir='ltr'>saneti</span> <span class='ocrx_word' id='word_1_121' title='bbox 157 1566 288 1596; x_wconf 86' lang='lat' dir='ltr'>sermonem</span> <span class='ocrx_word' id='word_1_122' title='bbox 307 1552 455 1597; x_wconf 85' lang='lat' dir='ltr'>serbaherint</span> <span class='ocrx_word' id='word_1_123' title='bbox 474 1552 634 1596; x_wconf 84' lang='lat' dir='ltr'>salhabuntur</span> <span class='ocrx_word' id='word_1_124' title='bbox 654 1553 682 1596; x_wconf 86' lang='lat' dir='ltr'>alo</span> <span class='ocrx_word' id='word_1_125' title='bbox 701 1552 827 1608; x_wconf 85' lang='lat' dir='ltr'>spiritibu</span> 
     </span>
     <span class='ocr_line' id='line_1_20' title="bbox 61 1626 819 1684; baseline 0.004 -15"><span class='ocrx_word' id='word_1_126' title='bbox 61 1626 172 1682; x_wconf 86' lang='lat' dir='ltr'>malignis</span> <span class='ocrx_word' id='word_1_127' title='bbox 190 1626 231 1682; x_wconf 87' lang='lat' dir='ltr'>qui</span> <span class='ocrx_word' id='word_1_128' title='bbox 247 1626 349 1683; x_wconf 87' lang='lat' dir='ltr'>spiritus</span> <span class='ocrx_word' id='word_1_129' title='bbox 363 1627 487 1672; x_wconf 88' lang='lat' dir='ltr'>hominum</span> <span class='ocrx_word' id='word_1_130' title='bbox 504 1627 605 1683; x_wconf 87' lang='lat' dir='ltr'>gloriam</span> <span class='ocrx_word' id='word_1_131' title='bbox 621 1627 754 1684; x_wconf 74' lang='lat' dir='ltr'>spirituum</span> <span class='ocrx_word' id='word_1_132' title='bbox 770 1626 819 1672; x_wconf 87' lang='lat' dir='ltr'>filio</span> 
     </span>
     <span class='ocr_line' id='line_1_21' title="bbox 61 1701 401 1758; baseline 0.003 -13"><span class='ocrx_word' id='word_1_133' title='bbox 61 1716 116 1746; x_wconf 89' lang='lat' dir='ltr'>rum</span> <span class='ocrx_word' id='word_1_134' title='bbox 128 1702 165 1747; x_wconf 91' lang='lat' dir='ltr'>dei</span> <span class='ocrx_word' id='word_1_135' title='bbox 176 1716 288 1758; x_wconf 86' lang='lat' dir='ltr'>spernere</span> <span class='ocrx_word' id='word_1_136' title='bbox 298 1701 401 1747; x_wconf 58' lang='lat' dir='ltr'>‘iaciunt</span> 
     </span>
    </p>

    <p class='ocr_par' dir='ltr' id='par_1_8' title="bbox 61 1776 827 2060">
     <span class='ocr_line' id='line_1_22' title="bbox 93 1776 820 1834; baseline 0 -12"><span class='ocrx_word' id='word_1_137' title='bbox 93 1778 106 1822; x_wconf 85' lang='lat'>6</span> <span class='ocrx_word' id='word_1_138' title='bbox 123 1778 256 1834; x_wconf 85' lang='lat' dir='ltr'>Respondit</span> <span class='ocrx_word' id='word_1_139' title='bbox 275 1778 358 1823; x_wconf 78' lang='lat' dir='ltr'>scribis</span> <span class='ocrx_word' id='word_1_140' title='bbox 377 1782 399 1823; x_wconf 88' lang='lat' dir='ltr'>et</span> <span class='ocrx_word' id='word_1_141' title='bbox 417 1776 546 1834; x_wconf 77' lang='lat' dir='ltr'>phariseis:</span> <span class='ocrx_word' id='word_1_142' title='bbox 566 1777 613 1833; x_wconf 74' lang='lat' dir='ltr'>Qui</span> <span class='ocrx_word' id='word_1_143' title='bbox 632 1776 733 1833; x_wconf 86' lang='lat' dir='ltr'>spiritus</span> <span class='ocrx_word' id='word_1_144' title='bbox 752 1782 820 1823; x_wconf 83' lang='lat' dir='ltr'>sanet</span> 
     </span>
     <span class='ocr_line' id='line_1_23' title="bbox 61 1852 827 1909; baseline 0 -12"><span class='ocrx_word' id='word_1_145' title='bbox 61 1867 193 1899; x_wconf 85' lang='lat' dir='ltr'>sermonem</span> <span class='ocrx_word' id='word_1_146' title='bbox 205 1853 355 1898; x_wconf 73' lang='lat' dir='ltr'>serbaloerint</span> <span class='ocrx_word' id='word_1_147' title='bbox 365 1853 524 1898; x_wconf 87' lang='lat' dir='ltr'>salbabuntur</span> <span class='ocrx_word' id='word_1_148' title='bbox 537 1853 566 1898; x_wconf 80' lang='lat' dir='ltr'>ah</span> <span class='ocrx_word' id='word_1_149' title='bbox 578 1852 704 1909; x_wconf 83' lang='lat' dir='ltr'>spiritibus</span> <span class='ocrx_word' id='word_1_150' title='bbox 717 1852 827 1909; x_wconf 88' lang='lat' dir='ltr'>maligni</span> 
     </span>
     <span class='ocr_line' id='line_1_24' title="bbox 61 1927 825 1985; baseline -0.004 -12"><span class='ocrx_word' id='word_1_151' title='bbox 61 1929 103 1984; x_wconf 89' lang='lat' dir='ltr'>qui</span> <span class='ocrx_word' id='word_1_152' title='bbox 111 1928 213 1985; x_wconf 88' lang='lat' dir='ltr'>spiritus</span> <span class='ocrx_word' id='word_1_153' title='bbox 222 1928 347 1973; x_wconf 85' lang='lat' dir='ltr'>hominum</span> <span class='ocrx_word' id='word_1_154' title='bbox 357 1928 457 1984; x_wconf 86' lang='lat' dir='ltr'>gloriam</span> <span class='ocrx_word' id='word_1_155' title='bbox 466 1927 598 1984; x_wconf 85' lang='lat' dir='ltr'>spirituum</span> <span class='ocrx_word' id='word_1_156' title='bbox 606 1929 685 1985; x_wconf 84' lang='lat' dir='ltr'>patris</span> <span class='ocrx_word' id='word_1_157' title='bbox 696 1933 718 1974; x_wconf 85' lang='lat' dir='ltr'>et</span> <span class='ocrx_word' id='word_1_158' title='bbox 729 1928 805 1985; x_wconf 87' lang='lat' dir='ltr'>gloria</span> <span class='ocrx_word' id='word_1_159' title='bbox 811 1947 825 1970; x_wconf 84' lang='grc' dir='ltr'>ιι</span> 
     </span>
     <span class='ocr_line' id='line_1_25' title="bbox 61 2003 755 2060; baseline 0.001 -12"><span class='ocrx_word' id='word_1_160' title='bbox 61 2004 163 2060; x_wconf 87' lang='lat' dir='ltr'>spiritus</span> <span class='ocrx_word' id='word_1_161' title='bbox 176 2005 253 2049; x_wconf 84' lang='lat' dir='ltr'>saneti</span> <span class='ocrx_word' id='word_1_162' title='bbox 267 2009 289 2049; x_wconf 85' lang='lat' dir='ltr'>et</span> <span class='ocrx_word' id='word_1_163' title='bbox 303 2004 404 2059; x_wconf 77' lang='lat' dir='ltr'>gloriam</span> <span class='ocrx_word' id='word_1_164' title='bbox 416 2003 460 2048; x_wconf 84' lang='lat' dir='ltr'>filii</span> <span class='ocrx_word' id='word_1_165' title='bbox 475 2004 512 2049; x_wconf 90' lang='lat' dir='ltr'>dei</span> <span class='ocrx_word' id='word_1_166' title='bbox 526 2018 639 2060; x_wconf 86' lang='lat' dir='ltr'>spernere</span> <span class='ocrx_word' id='word_1_167' title='bbox 653 2004 755 2050; x_wconf 75' lang='lat' dir='ltr'>laeiunt.</span> 
     </span>
    </p>

    <p class='ocr_par' dir='ltr' id='par_1_9' title="bbox 2 2078 827 2362">
     <span class='ocr_line' id='line_1_26' title="bbox 93 2078 827 2136; baseline 0.001 -13"><span class='ocrx_word' id='word_1_168' title='bbox 93 2080 106 2123; x_wconf 79' lang='lat'><strong>7</strong></span> <span class='ocrx_word' id='word_1_169' title='bbox 123 2079 310 2136; x_wconf 81' lang='lat' dir='ltr'>Responderunt</span> <span class='ocrx_word' id='word_1_170' title='bbox 321 2079 399 2125; x_wconf 83' lang='lat' dir='ltr'>soribe</span> <span class='ocrx_word' id='word_1_171' title='bbox 410 2084 432 2124; x_wconf 85' lang='lat' dir='ltr'>et</span> <span class='ocrx_word' id='word_1_172' title='bbox 443 2078 563 2135; x_wconf 84' lang='lat' dir='ltr'>pharisei:</span> <span class='ocrx_word' id='word_1_173' title='bbox 577 2079 660 2125; x_wconf 87' lang='lat' dir='ltr'>Omnis</span> <span class='ocrx_word' id='word_1_174' title='bbox 675 2080 716 2136; x_wconf 85' lang='lat' dir='ltr'>qui</span> <span class='ocrx_word' id='word_1_175' title='bbox 728 2078 827 2136; x_wconf 87' lang='lat' dir='ltr'>spiritu</span> 
     </span>
     <span class='ocr_line' id='line_1_27' title="bbox 2 2154 827 2212; baseline 0.002 -14"><span class='ocrx_word' id='word_1_176' title='bbox 2 2186 3 2189; x_wconf 18' lang='grc' dir='ltr'>η</span> <span class='ocrx_word' id='word_1_177' title='bbox 62 2155 139 2199; x_wconf 85' lang='lat' dir='ltr'>saneti</span> <span class='ocrx_word' id='word_1_178' title='bbox 157 2169 289 2200; x_wconf 87' lang='lat' dir='ltr'>sermonem</span> <span class='ocrx_word' id='word_1_179' title='bbox 307 2154 456 2200; x_wconf 84' lang='lat' dir='ltr'>serbaberint</span> <span class='ocrx_word' id='word_1_180' title='bbox 473 2154 634 2200; x_wconf 82' lang='lat' dir='ltr'>salhabuntur</span> <span class='ocrx_word' id='word_1_181' title='bbox 655 2156 683 2200; x_wconf 81' lang='lat' dir='ltr'>ab</span> <span class='ocrx_word' id='word_1_182' title='bbox 703 2155 827 2212; x_wconf 87' lang='lat' dir='ltr'>spiritibu</span> 
     </span>
     <span class='ocr_line' id='line_1_28' title="bbox 2 2229 827 2288; baseline 0.002 -15"><span class='ocrx_word' id='word_1_183' title='bbox 2 2246 4 2279; x_wconf 66' lang='grc' dir='ltr'>ζ</span> <span class='ocrx_word' id='word_1_184' title='bbox 62 2229 173 2285; x_wconf 83' lang='lat' dir='ltr'>malignis</span> <span class='ocrx_word' id='word_1_185' title='bbox 187 2229 228 2285; x_wconf 87' lang='lat' dir='ltr'>qui</span> <span class='ocrx_word' id='word_1_186' title='bbox 241 2229 342 2286; x_wconf 87' lang='lat' dir='ltr'>spiritus</span> <span class='ocrx_word' id='word_1_187' title='bbox 355 2229 478 2275; x_wconf 88' lang='lat' dir='ltr'>hominum</span> <span class='ocrx_word' id='word_1_188' title='bbox 492 2230 593 2285; x_wconf 78' lang='lat' dir='ltr'>gloriam</span> <span class='ocrx_word' id='word_1_189' title='bbox 607 2230 739 2287; x_wconf 87' lang='lat' dir='ltr'>spirituum</span> <span class='ocrx_word' id='word_1_190' title='bbox 752 2230 827 2288; x_wconf 81' lang='lat' dir='ltr'>patri</span> 
     </span>
     <span class='ocr_line' id='line_1_29' title="bbox 3 2304 827 2362; baseline -0.001 -13"><span class='ocrx_word' id='word_1_191' title='bbox 3 2332 4 2335; x_wconf 62' lang='lat'><em>=</em></span> <span class='ocrx_word' id='word_1_192' title='bbox 63 2309 87 2349; x_wconf 88' lang='lat' dir='ltr'>et</span> <span class='ocrx_word' id='word_1_193' title='bbox 104 2305 206 2360; x_wconf 75' lang='lat' dir='ltr'>gloriam</span> <span class='ocrx_word' id='word_1_194' title='bbox 222 2304 324 2361; x_wconf 88' lang='lat' dir='ltr'>spiritus</span> <span class='ocrx_word' id='word_1_195' title='bbox 342 2305 418 2350; x_wconf 85' lang='lat' dir='ltr'>saneti</span> <span class='ocrx_word' id='word_1_196' title='bbox 437 2309 461 2350; x_wconf 90' lang='lat' dir='ltr'>et</span> <span class='ocrx_word' id='word_1_197' title='bbox 478 2306 580 2360; x_wconf 87' lang='lat' dir='ltr'>gloriam</span> <span class='ocrx_word' id='word_1_198' title='bbox 598 2305 642 2351; x_wconf 90' lang='lat' dir='ltr'>filii</span> <span class='ocrx_word' id='word_1_199' title='bbox 661 2306 699 2351; x_wconf 88' lang='lat' dir='ltr'>dei</span> <span class='ocrx_word' id='word_1_200' title='bbox 717 2320 827 2362; x_wconf 88' lang='lat' dir='ltr'>sperner.</span> 
     </span>
    </p>
   </div>
   <div class='ocr_carea' id='block_1_4' title="bbox 4 2379 164 2426">
    <p class='ocr_par' dir='ltr' id='par_1_10' title="bbox 4 2379 164 2426">
     <span class='ocr_line' id='line_1_30' title="bbox 4 2379 164 2426; baseline 0.019 -3"><span class='ocrx_word' id='word_1_201' title='bbox 4 2403 5 2406; x_wconf 62' lang='lat'><em>=</em></span> <span class='ocrx_word' id='word_1_202' title='bbox 62 2379 164 2426; x_wconf 73' lang='lat' dir='ltr'>sariunt.</span> 
     </span>
    </p>
   </div>
   <div class='ocr_carea' id='block_1_5' title="bbox 49 2454 827 2727">
    <p class='ocr_par' dir='ltr' id='par_1_11' title="bbox 49 2454 827 2727">
     <span class='ocr_line' id='line_1_31' title="bbox 94 2454 821 2512; baseline 0.004 -13"><span class='ocrx_word' id='word_1_203' title='bbox 94 2455 107 2499; x_wconf 77' lang='lat'>8</span> <span class='ocrx_word' id='word_1_204' title='bbox 124 2455 258 2512; x_wconf 87' lang='lat' dir='ltr'>Respondit</span> <span class='ocrx_word' id='word_1_205' title='bbox 275 2455 359 2501; x_wconf 89' lang='lat' dir='ltr'>seribis</span> <span class='ocrx_word' id='word_1_206' title='bbox 378 2460 400 2501; x_wconf 85' lang='lat' dir='ltr'>et</span> <span class='ocrx_word' id='word_1_207' title='bbox 419 2454 548 2511; x_wconf 86' lang='lat' dir='ltr'>phariseis:</span> <span class='ocrx_word' id='word_1_208' title='bbox 569 2456 615 2512; x_wconf 80' lang='lat' dir='ltr'>Qui</span> <span class='ocrx_word' id='word_1_209' title='bbox 634 2456 735 2512; x_wconf 90' lang='lat' dir='ltr'>spiritus</span> <span class='ocrx_word' id='word_1_210' title='bbox 753 2462 821 2502; x_wconf 86' lang='lat' dir='ltr'>sanet</span> 
     </span>
     <span class='ocr_line' id='line_1_32' title="bbox 62 2530 827 2588; baseline 0.003 -13"><span class='ocrx_word' id='word_1_211' title='bbox 62 2544 194 2576; x_wconf 89' lang='lat' dir='ltr'>sermonem</span> <span class='ocrx_word' id='word_1_212' title='bbox 205 2531 356 2576; x_wconf 83' lang='lat' dir='ltr'>serboberint</span> <span class='ocrx_word' id='word_1_213' title='bbox 367 2530 526 2577; x_wconf 80' lang='lat' dir='ltr'>salbahuutur</span> <span class='ocrx_word' id='word_1_214' title='bbox 539 2532 567 2577; x_wconf 89' lang='lat' dir='ltr'>alo</span> <span class='ocrx_word' id='word_1_215' title='bbox 580 2531 705 2588; x_wconf 86' lang='lat' dir='ltr'>spiritibus</span> <span class='ocrx_word' id='word_1_216' title='bbox 718 2532 827 2588; x_wconf 86' lang='lat' dir='ltr'>maligni·</span> 
     </span>
     <span class='ocr_line' id='line_1_33' title="bbox 63 2605 827 2665; baseline 0 -15"><span class='ocrx_word' id='word_1_217' title='bbox 63 2605 104 2661; x_wconf 87' lang='lat' dir='ltr'>qui</span> <span class='ocrx_word' id='word_1_218' title='bbox 121 2606 222 2662; x_wconf 87' lang='lat' dir='ltr'>spiritus</span> <span class='ocrx_word' id='word_1_219' title='bbox 239 2606 364 2652; x_wconf 88' lang='lat' dir='ltr'>hominum</span> <span class='ocrx_word' id='word_1_220' title='bbox 381 2605 485 2662; x_wconf 88' lang='lat' dir='ltr'>gratiam</span> <span class='ocrx_word' id='word_1_221' title='bbox 503 2606 604 2663; x_wconf 90' lang='lat' dir='ltr'>spiritus</span> <span class='ocrx_word' id='word_1_222' title='bbox 623 2608 700 2653; x_wconf 84' lang='lat' dir='ltr'>saneti</span> <span class='ocrx_word' id='word_1_223' title='bbox 718 2622 827 2665; x_wconf 86' lang='lat' dir='ltr'>sperner</span> 
     </span>
     <span class='ocr_line' id='line_1_34' title="bbox 49 2680 165 2727; baseline -0.009 0"><span class='ocrx_word' id='word_1_224' title='bbox 49 2724 51 2727; x_wconf 84' lang='lat'>.</span> <span class='ocrx_word' id='word_1_225' title='bbox 63 2680 165 2726; x_wconf 74' lang='lat' dir='ltr'>laniunt.</span> 
     </span>
    </p>
   </div>
   <div class='ocr_carea' id='block_1_6' title="bbox 0 0 838 2799">
    <p class='ocr_par' dir='ltr' id='par_1_12' title="bbox 0 0 838 2799">
     <span class='ocr_line' id='line_1_35' title="bbox 0 0 838 2799; baseline 0 0"><span class='ocrx_word' id='word_1_226' title='bbox 0 0 838 2799; x_wconf 95' lang='lat' dir='ltr'> </span> 
     </span>
    </p>
   </div>
  </div>
 </body>
</html>
