1654 2799
8 36 87 75 CHAP.
99 35 193 83 xviii]
227 34 416 73 EUANGELIUM
433 34 487 72 SEU.
497 33 657 72 ΙΟΗΑΝΝΕΜ.
750 22 781 65 45

43 164 86 208 246
100 162 285 219 Responderunt
302 162 390 207 seribe:
409 161 466 208 Sine
484 166 513 207 ut
530 175 610 206 eamus
629 160 660 205 ad
677 159 782 217 pilatum

12 224 41 284 ut
54 239 120 284 buno
136 239 201 283 erum
215 238 324 294 figamus.

44 314 72 358 25
89 314 224 370 Respondit
248 313 360 370 prineeps
386 314 536 359 sacerdotum
561 311 659 357 seribis:
684 310 783 356 Mittam

14 390 126 445 angelum
139 390 170 434 66
181 388 292 445 pilatum.

14 506 16 510 .
45 466 90 510 256.
105 465 292 521 Responderunt
305 465 394 510 seribe:
409 464 465 512 Sine
479 469 508 510 ut
522 464 586 509 serbi
600 463 677 508 nostri
693 463 784 508 dueant

14 555 69 586 eum
80 540 106 584 in
117 539 258 596 pretorium.

46 617 90 661 256
107 615 241 671 Respondit
253 614 366 672 prineeps
376 616 527 661 sacerdotum
536 614 635 660 seribis:
648 613 713 670 Quid
723 612 784 659 dieit

15 705 40 736 se
52 692 160 747 equalem
171 692 213 736 deo
224 690 397 747 blasphemiam
408 692 523 747 loquitur.

47 767 89 811 256
105 766 292 823 Responderunt
311 766 400 811 seribe:
420 766 468 822 Qui
488 767 547 812 dieit
567 780 591 811 se
612 766 720 822 equalem
741 766 784 811 666

15 831 75 889 'dien
87 856 110 886 se
124 856 171 888 esse
184 843 262 887 deum.

47 918 76 961 26
93 917 227 974 Respondit
245 917 357 974 prineeps
375 918 525 963 saeerdotum
544 917 640 963 scribis:
660 916 708 972 Qui
726 916 786 962 dieit

16 1007 40 1038 se
55 1007 102 1038 esse
117 994 188 1038 deum
201 992 374 1049 blasphemiam
387 992 502 1049 loquitur.

48 1069 93 1113 266
109 1068 296 1124 Responderunt
309 1068 397 1114 seribe:
414 1069 461 1124 Qui
476 1069 533 1116 dieit
547 1083 571 1114 se
585 1083 635 1115 esse
650 1069 721 1114 deum
735 1068 786 1123 dig·-

17 1157 64 1188 nus
77 1148 111 1188 est
123 1144 213 1189 mortis.

50 1219 94 1263 266
111 1219 246 1275 Respondit
260 1220 372 1276 princeps
386 1221 536 1266 saeerdotum
551 1219 648 1265 seribis:
665 1219 712 1275 Qui
728 1219 787 1265 dieit

19 1309 43 1340 se
55 1309 102 1340 esse
114 1296 184 1340 deum
196 1295 282 1350 dignus
293 1300 317 1340 et
328 1296 418 1340 mortis.

50 1371 93 1415 266
109 1370 295 1426 Responderunt
308 1370 397 1415 seribe:
413 1370 460 1425 Qui
476 1370 534 1416 dieit
548 1385 572 1415 se
588 1385 635 1417 esse
649 1372 722 1415 deum
738 1370 788 1426 dig-

19 1460 66 1490 nus
78 1451 150 1491 estut
161 1446 228 1491 eruei
240 1445 336 1501 figatur.

51 1521 80 1566 27
94 1521 227 1577 Respondit
239 1522 351 1577 pnneeps
363 1522 513 1566 sacerdotum
523 1522 621 1566 seribis:
634 1521 680 1576 Qui
694 1522 752 1567 dieit
764 1536 788 1567 se

21 1611 69 1642 esse
82 1597 153 1641 deum
166 1597 253 1652 dignus
266 1602 339 1642 estut
352 1597 417 1641 eruei
429 1596 526 1651 figatur.

52 1672 96 1717 276
113 1672 299 1727 Responderunt
312 1671 401 1717 scribe:
417 1671 473 1717 Sine
487 1677 514 1717 ut
529 1672 592 1717 serbi
606 1674 683 1718 nostri
699 1673 789 1718 drieant

22 1762 75 1793 eum
87 1748 113 1791 in
123 1746 265 1803 pretorium.
640 1750 641 1754 ’

53 1823 98 1882 aab
115 1821 249 1879 Respondit
263 1823 376 1879 prineeps
390 1825 541 1868 sacerdotum
555 1822 652 1868 seribis:
670 1824 722 1879 Ego
738 1824 790 1870 sino

22 1903 51 1943 ut
60 1899 124 1944 serbi
136 1898 211 1943 uestri
223 1899 314 1944 dueant
326 1899 418 1943 eumin
430 1899 571 1954 pretorium.

53 1974 82 2018 26
99 1974 228 2019 Duxerunt
239 1988 296 2029 ergo
311 1974 433 2019 dominum
445 1973 537 2017 ihesum
550 1974 575 2018 in
587 1974 730 2030 pretorium.
758 1975 791 2020 nt

23 2049 98 2095 soribe
112 2064 160 2093 non
173 2049 320 2096 introiebant
333 2050 359 2093 in
372 2048 512 2105 pretorium.

54 2125 83 2168 29
101 2124 184 2168 Exibit
198 2138 252 2179 ergo
267 2125 297 2169 ad
310 2124 398 2169 seribas
412 2123 509 2180 pilatus.

373 2243 438 2287 XIX

55 2337 119 2382 lEt
139 2336 215 2382 seribe
236 2336 351 2383 dixerunt
373 2337 461 2393 pileto:
483 2337 556 2382 Hune
580 2338 725 2384 adduximus
748 2338 793 2384 tibi

25 2414 93 2468 qiiasi
109 2413 288 2458 subuertentem
304 2413 421 2469 populum
437 2417 461 2457 et
477 2412 595 2458 dicentem
609 2429 634 2459 se
651 2428 698 2459 esse
715 2415 793 2459 deum.

56 2488 85 2533 16
101 2488 235 2545 Respondit
250 2488 343 2544 pilatus
358 2486 455 2533 seribis:
473 2488 521 2543 Qui
537 2489 598 2534 dieit
614 2503 638 2534 se
657 2503 704 2537 esse
722 2490 794 2535 deum

25 2576 81 2619 ergo
93 2564 214 2609 subuertit
223 2564 349 2621 populum.

57 2640 70 2683 2
87 2640 273 2696 Responderunt
290 2640 379 2685 seribe:
397 2639 445 2695 Qui
462 2639 522 2688 dieit
537 2656 562 2687 se
579 2654 627 2685 esse
646 2641 717 2686 deum
733 2642 794 2687 blas-

26 2715 146 2769 phemiam
159 2715 273 2772 loquitur.
