1654 2799
51 48 81 90 40
195 56 383 95 EUANGELHJM
400 57 452 95 sm).
464 56 622 94 IOHANNEM.
661 55 753 103 [CHAP.
762 55 821 95 XVI.

55 199 140 241 rogare
155 185 183 232 de
195 184 298 240 moriam
311 198 381 231 suam
395 189 418 230 et
431 184 495 231 dixit
509 183 548 230 eis.
578 184 614 229 De
629 183 730 240 gloriam
744 183 822 240 patris

55 267 78 307 11
92 261 120 305 de
133 260 234 316 gloriam
246 260 290 305 filii
304 260 342 305 dei
356 260 498 316 querebatis.

86 346 115 389 20
131 345 210 390 Amen
222 359 292 390 amen¹
303 345 355 390 dieo
368 345 442 390 uobis.
469 345 592 390 llodieum
603 350 628 390 11
640 344 741 401 gloriam
753 343 822 401 spiri-

55 425 125 465 tuum
136 420 241 465 filiorum
253 421 291 465 dei
300 420 428 476 spiritibus
439 420 564 466 homiuum
575 435 619 477 per
631 420 745 476 spiritum
757 434 822 465 sauo-

55 501 107 541 tum
121 496 269 541 hostendam.

87 582 115 625 21
132 582 222 626 llulier
236 597 289 627 eum
303 582 369 639 parit
382 583 454 629 habet
469 583 597 629 tristiciam
610 583 668 640 quia.
681 584 750 628 uenit
763 584 823 628 liora

56 656 114 702 eius.
150 657 211 702 Cum
229 662 309 702 autem
327 658 450 714 pepererit.
468 673 571 715 puerum
589 659 637 704 iam
654 658 823 704 holiliuisoitur

55 747 166 788 pressure
182 732 238 789 quia
252 733 347 790 peperit
361 733 481 778 hominem
495 735 521 778 111
535 735 660 779 mundum.

87 819 116 862 22
134 819 166 865 Ε1
179 833 223 864 uos
235 818 312 874 igitur
325 833 389 864 1111111
405 818 532 864 tristitiam
546 819 645 863 habetis.
676 818 769 863 lterum
783 833 823 863 au-

56 899 105 939 tem
114 894 200 939 uidebo
210 909 253 939 uos
264 899 287 939 et
297 895 437 949 gaudebuut
445 894 546 951 spiritus
557 894 639 939 uestri.
664 895 697 939 Et
707 893 824 949 gaudium

56 974 165 1014 uestrum
177 984 245 1015 nemo
258 970 327 1014 tollet
340 984 354 1014 a
366 970 441 1015 uobis.
471 970 504 1015 Et
517 970 542 1014 iu
555 970 596 1015 illo
609 969 709 1015 elienor
723 970 824 1015 interro-

56 1045 146 1100 gabitis
158 1045 293 1100 quiequam.

88 1131 116 1175 23
133 1131 211 1175 Amen
227 1145 297 1175 amer
315 1129 366 1175 dioo
384 1129 464 1175 uoltis:
481 1130 502 1174 si
519 1129 577 1185 quid
595 1129 713 1185 petieritis
729 1133 824 1185 patrem

58 1220 100 1262 per
116 1206 229 1262 spiritum
244 1209 354 1250 sanatum
368 1205 435 1251 dalrit
449 1205 525 1250 uobis

56 1335 57 1339 ,
89 1296 118 1340 al
134 1296 214 1351 Usque
233 1296 302 1340 modo
321 1310 370 1340 uon
388 1295 482 1351 petistis
501 1294 629 1350 qriioquam
648 1309 692 1350 per
710 1294 825 1350 spiritum

57 1376 174 1416 sanetum.
208 1371 286 1417 Petite
303 1375 329 1415 11
344 1370 496 1426 liaooipietis:
514 1375 543 1415 ut
558 1368 675 1425 gaudium
693 1370 825 1426 spirituum

58 1446 163 1491 filiorum
178 1446 216 1491 dei
231 1450 340 1490 uestrum
355 1445 386 1490 sit
401 1445 572 1501 perspiritum
588 1450 704 1490 sanet-um.

89 1537 117 1581 25
135 1537 186 1581 Heo
203 1550 246 1593 per
261 1536 377 1592 spiritum
391 1540 503 1581 sanetum
519 1537 612 1581 looutus
628 1550 682 1580 sum
698 1536 825 1592 spiritibus

58 1612 189 1657 homiuum.
223 1612 296 1658 Uenit
314 1612 374 1656 hora
393 1626 446 1656 oum
465 1612 546 1667 palam
563 1612 705 1656 hostendam
724 1612 825 1667 gloriam

58 1687 135 1744 patris
149 1693 172 1732 et
184 1685 285 1743 gloriam
297 1686 397 1743 spiritus
409 1687 487 1731 sanati
499 1692 524 1732 11
537 1687 638 1742 gloriam
649 1686 694 1730 filii
707 1687 752 1732 dei.

58 1826 60 1843 J
89 1780 118 1824 26
136 1780 180 1825 Illo
195 1779 232 1824 die
243 1778 376 1835 spirituum
388 1778 494 1823 filiorum
508 1778 545 1823 dei
558 1778 660 1834 gloriam
674 1778 794 1823 uidebitis.

56 1915 59 1935 Ξ
90 1871 118 1915 27
136 1870 190 1926 lpse
215 1870 316 1926 spiritus
338 1874 436 1915 sanetus
460 1869 591 1926 spirituum
614 1870 720 1915 salbator
746 1869 826 1925 diligit

58 1945 159 2002 spiritus
172 1946 303 1991 hominum.

90 2033 119 2076 28
137 2033 170 2077 Et
197 2036 268 2088 pater
296 2030 428 2088 spirituum
457 2029 537 2086 diligit
565 2029 695 2087 disoipulos
725 2030 826 2086 spiritus

59 2107 143 2152 saneti.

57 2238 59 2245 s
91 2192 119 2235 29
136 2190 228 2235 Diount
243 2191 265 2235 ei
282 2189 407 2246 discipuli:
424 2191 485 2234 ane
501 2204 565 2234 nuno
581 2191 662 2246 palam
676 2189 781 2245 loqueris
796 2190 826 2235 de

59 2266 160 2325 gloriam
173 2264 305 2322 spirituum
316 2265 393 2322 patris
405 2270 430 2311 11
441 2266 471 2310 de
484 2264 586 2320 gloriam
598 2264 699 2321 spiritus
713 2265 790 2310 sauoti
804 2281 815 2311 e

61 2343 89 2389 de
104 2341 205 2397 gloriam
218 2340 262 2385 filii
276 2340 321 2386 dei.

91 2430 119 2474 30
136 2429 207 2474 Nune
218 2428 306 2474 seimus
319 2428 420 2484 gloriam
432 2427 564 2484 spirituum
576 2427 681 2473 filiorum
695 2428 739 2474 dei.

91 2521 119 2565 31
136 2519 270 2577 Respondit
281 2519 392 2565 domiuus
400 2519 492 2563 ihesus:
502 2518 573 2564 Modo
585 2519 686 2575 gloriam
695 2519 822 2576 spirituus·

60 2595 137 2652 patris
148 2600 173 2641 11
183 2593 286 2651 gloriam
296 2594 397 2651 spiritus
410 2594 487 2639 saneti
499 2598 522 2640 11
534 2594 635 2649 gloriam
647 2594 691 2639 filii
704 2595 742 2640 dei
754 2595 820 2640 saitis
