1654 2799
44 58 74 99 28
189 65 377 104 EUANGELIUM
394 65 447 103 SEU.
459 64 617 103 IOHANNEM.
665 64 755 112 [OHAP.
765 63 815 102 XII.

404 191 457 236 ΧΠ

80 270 93 313 1
110 269 183 315 110011
196 268 225 313 ab
239 267 394 313 iherosolimis
408 267 518 313 dominus
532 267 610 312 ihesus
624 281 678 311 cum
692 264 816 322 discipulis

49 345 100 390 0010-
112 343 257 389 bethaniam.

80 421 93 463 2
111 420 231 465 Fecerunt
244 433 299 474 crgo
313 419 333 465 ei
346 433 429 464 cenam
444 433 536 464 sorores
547 418 621 463 lazari
635 431 705 474 quein
718 416 816 462 suscita-

49 496 130 540 berat:
147 500 171 541 et
187 494 367 540 discumbebant
383 509 438 539 cuin
455 494 550 540 domino
567 495 635 539 ihesu
649 500 675 540 et
692 492 816 549 discipulis

49 571 106 615 eius.
133 571 237 615 Lazarus
247 585 304 615 uero
315 570 393 614 irater
403 584 485 616 eorum
495 570 659 615 discumbebat
669 584 722 614 cum
731 568 817 614 sorori-

50 646 163 691 bussuis.

81 721 190 765 3blaria
213 735 267 776 ergo
290 726 344 776 post
367 735 438 776 quain
461 724 585 776 acceperat
606 720 693 764 libram
715 719 817 774 ungenti

50 796 131 851 pistici
140 796 225 841 uncxit
235 797 307 852 pedes
317 795 407 841 dontini
419 796 497 840 ihesus
509 801 531 842 et
542 795 640 840 extersit
651 794 744 851 capillis
754 794 817 840 suis:

51 876 74 916 et
87 872 170 916 domus
183 871 274 927 inpleta
288 877 322 917 est
336 886 364 917 cx
377 872 448 916 odore
459 871 568 927 ungenti,

81 947 96 989 1
112 946 181 991 Dixit
195 961 249 1002 ergo
263 961 348 1002 000000
361 946 478 992 scarioth:

82 1022 95 1065 5
114 1021 193 1077 Quare
210 1022 275 1067 istud
291 1027 425 1077 ungentum
441 1036 489 1067 non
505 1020 583 1066 000111
597 1020 682 1066 scribis
697 1025 722 1066 et
736 1020 818 1077 phari-

52 1097 103 1141 seis.

84 1173 96 1216 6
114 1172 183 1217 Dixit
196 1176 276 1217 autem
287 1173 331 1217 hoc
344 1172 400 1228 quia
414 1172 455 1217 iur
469 1178 521 1217 erat
534 1177 556 1217 et
569 1173 658 1217 loculos
670 1172 761 1216 habens
773 1186 819 1228 que

52 1248 238 1293 inmittebantur
255 1248 404 1304 exportabat.

84 1324 97 1367 7
114 1322 183 1368 111011
202 1338 256 1378 ergo
275 1323 384 1368 dominus
402 1323 494 1367 ihesus:
513 1322 570 1368 Sine
586 1323 653 1367 111001
669 1328 697 1368 01
714 1324 740 1368 10
756 1322 819 1368 diem

52 1399 176 1457 sepulture
188 1413 238 1443 mee
248 1399 328 1443 serbet
339 1398 408 1443 illud.

84 1474 104 1529 9,
118 1474 154 1528 to,
167 1474 195 1516 11
214 1473 383 1528 Cognoberunt
396 1471 471 1518 scribe
486 1477 508 1520 01
520 1472 626 1529 01011001
639 1473 697 1529 quia
709 1473 819 1519 dontinus

53 1549 132 1605 ihesus
149 1549 256 1593 estillic.
288 1550 321 1593 Et
338 1549 470 1604 querebant
485 1549 592 1593 lazarum
608 1548 744 1594 hoccidere:
763 1549 820 1605 quia

53 1629 154 1679 propter
165 1638 219 1668 euin
228 1625 333 1680 0000100
345 1625 488 1679 sequebatur
500 1624 622 1668 dominum
633 1625 732 1669 ihesum¹

85 1699 113 1741 ia
130 1699 160 1742 In
173 1699 304 1743 crastinum
318 1702 397 1743 autern
410 1714 463 1744 cum
476 1698 579 1744 audisset
592 1700 665 1744 turba
678 1700 735 1755 0010
747 1700 820 1745 domi-

53 1788 99 1818 nus
109 1774 188 1818 ihesus
199 1774 266 1819 uenit
277 1774 464 1819 iherosolimam:

85 1849 113 1893 13
130 1849 285 1905 Acceperunt
304 1848 374 1893 flores
394 1850 531 1905 palmarum
551 1854 574 1895 et
594 1856 762 1905 processerunt
782 1851 821 1896 ob-

54 1923 120 1968 uiam
135 1924 156 1970 ei
172 1929 194 1969 01
211 1925 358 1969 clamabant:
376 1924 485 1969 0000000
498 1924 639 1970 benedictus
655 1926 696 1981 001
712 1927 780 1973 00011
794 1926 821 1971 in

54 1999 150 2043 nomine
166 1999 203 2044 dei
217 1999 296 2044 israel.

86 2075 115 2117 11
132 2075 164 2118 Et
186 2075 281 2121 inuenit
303 2075 413 2119 dominus
436 2074 515 2119 ihesus
539 2076 644 2120 asellum.
684 2077 717 2121 Et
737 2077 820 2122 sedens

54 2164 126 2205 super
141 2164 194 2194 cum
207 2150 310 2205 inplebit
322 2151 386 2205 quod
399 2151 519 2206 propheta¹
532 2164 618 2205 ysayas
632 2152 733 2196 dixerat.

86 2225 113 2268 15
131 2224 210 2269 Dicite
222 2224 270 2272 filie
283 2239 349 2280 syon.
378 2226 438 2270 Ecce
451 2225 556 2270 salbator
569 2227 640 2272 israel
652 2227 737 2271 sedens
748 2242 821 2284 super

55 2300 150 2355 pullum
165 2298 237 2344 asine.

86 2375 114 2419 16
132 2375 183 2420 Hec
201 2390 249 2419 000
268 2376 432 2430 cognoberunt
450 2374 562 2430 discipuli
579 2377 630 2421 eius
649 2377 768 2433 primurn:
786 2384 822 2424 set

55 2456 109 2506 post
137 2465 209 2506 00010
238 2449 414 2505 glorificaberat
442 2450 544 2507 spiritus
572 2456 668 2497 sanctus
699 2454 822 2499 dominum

55 2527 159 2570 ihesum:
181 2525 306 2570 hominurn
326 2526 451 2581 spiritibus
472 2525 572 2581 spiritus
594 2529 737 2583 suggerebat
759 2531 823 2585 quod

55 2601 173 2656 propheta
186 2601 287 2646 dixerat.
657 2654 659 2657 ἵ

86 2677 114 2720 11
132 2676 205 2720 110111
221 2678 262 2732 qui
277 2676 438 2731 secpiebantur
455 2676 578 2721 dominum
593 2677 685 2723 ihesum
702 2679 759 2735 quia
774 2695 823 2725 000-

57 2751 173 2796 citaberat
188 2752 295 2796 lazarum
311 2751 474 2797 testimonium
497 2752 655 2798 Jerhibebant.
