1654 2799
38 26 67 68 30
179 34 367 73 EUANGELIUM
384 8 438 72 Suu
449 34 608 72 tOHANNEM.
657 34 748 81 [CHAR
758 34 808 73 XII.

72 163 100 206 35
117 161 187 206 Dixit
209 161 319 206 rioruiuus
341 161 433 206 ihesus:
457 160 564 217 Spiritus
587 165 683 206 sanetus
705 160 807 206 saltabit

41 233 141 290 spiritus
157 233 280 279 hominum
297 234 325 278 ab
341 233 466 289 spiritibus
482 233 594 289 malignis
610 233 731 289 diligendo
748 233 808 289 spir-

42 306 90 351 itus
105 306 236 351 homiuum.

72 379 101 422 36
118 379 152 423 Et
171 392 212 433 ego
233 378 328 422 salbabo
347 376 449 433 spiritus
468 377 591 423 homiuum
612 392 655 433 per
676 391 808 422 sermonem

42 451 144 506 spiritus
156 450 233 495 saueti
248 464 318 505 quem
331 451 425 494 loeutus
440 464 492 494 sum
506 449 631 506 spiritibus
647 449 776 494 huminum.

72 524 116 567 3621
133 524 166 567 Et
178 527 247 578 puter
259 522 389 578 spirituum
401 522 504 567 salbabit
516 522 616 578 spiritus
628 521 752 566 homiuum
764 535 808 577 per

42 594 225 650 glorifieaurtum
237 592 368 650 spirituum
379 594 523 638 saltatorem
536 599 559 639 et
570 608 613 649 per
625 592 808 649 glorificandum

42 666 173 722 spirituum
190 670 283 721 patrem
301 671 324 710 et
340 680 383 721 per
400 665 583 721 glorificaudum
600 664 676 709 titium
693 665 731 709 dei
747 665 807 721 spir-

42 738 115 784 itibus
126 738 250 783 homiuum
261 752 304 794 per
315 737 428 793 spiritum
438 742 555 782 sanetum.

73 816 117 860 3t'b
134 816 185 860 Heu
201 815 310 860 domiuus
324 815 403 859 ihesus
418 815 543 871 spiritibus
558 829 600 871 per
615 814 728 870 spiritum
742 828 807 859 saue-

42 893 94 933 tum
107 887 286 943 euangetizabat
300 886 473 942 diseiputorum
485 901 596 932 suorum:
610 891 698 931 utnon
711 900 807 942 superu-

42 964 127 1004 reutur
138 960 166 1003 ub
177 959 302 1015 spiritibus
313 958 437 1013 malignis:
448 965 484 1005 set
493 964 520 1003 ut
531 958 630 1014 spiritus
641 959 727 1002 horum
738 957 807 1014 spiri-

43 1037 112 1076 tuum
127 1031 232 1076 fitiorum
248 1031 286 1075 dei
302 1031 402 1086 glorium
418 1045 461 1086 per
477 1030 590 1086 spiritum
606 1034 715 1074 sanetum
731 1043 808 1074 eonse-

43 1108 174 1159 quereutur
188 1108 301 1147 eternam.

73 1182 102 1225 4ss
119 1181 170 1225 Heu
186 1180 311 1237 spiritibus
326 1179 450 1224 homiuum
465 1178 599 1235 glorificans
615 1179 728 1235 spiritum
742 1193 808 1224 seum-

43 1258 95 1298 tum
113 1253 244 1309 spirituum
263 1253 404 1298 suibatorem
423 1257 446 1297 et
464 1251 599 1307 glorifieaus
618 1251 749 1307 spirituum
767 1265 808 1307 pa-

43 1330 104 1370 trem
123 1330 146 1371 et
165 1324 300 1380 giorifieaus
318 1323 394 1368 fitium
413 1324 450 1368 dei
469 1325 562 1368 loeutus
581 1331 616 1369 est
633 1338 676 1379 per
695 1323 808 1379 spiritum

42 1401 164 1441 sanetum:
182 1401 210 1441 ut
227 1396 328 1451 spiritus
343 1395 467 1440 homiuum
484 1395 584 1450 gloriam
602 1393 732 1450 spirituum
749 1393 808 1439 fitio-

43 1483 97 1512 rum
109 1468 146 1513 dei
157 1483 200 1524 per
211 1467 325 1523 spiritum
336 1472 445 1511 sanetum
458 1471 666 1521 consequerentur.

73 1547 118 1590 etta
136 1545 242 1601 Spiritus
253 1550 349 1589 sanetus
360 1545 386 1588 iu
397 1545 515 1589 muudum
526 1540 594 1589 ueuit
605 1545 696 1590 seribere
708 1543 808 1600 spiritus

42 1618 165 1662 homiuum
179 1617 206 1661 ab
220 1617 345 1672 spiritibus
356 1614 475 1671 malignis.

73 1696 118 1739 tub
136 1696 168 1741 Et
187 1709 228 1750 ego
247 1696 290 1739 tux
308 1695 364 1739 ueni
383 1694 409 1737 iu
428 1694 545 1738 muudum
565 1699 592 1739 ut
613 1693 688 1739 omnis
707 1693 808 1749 spiritus

42 1767 166 1811 homiuum
178 1781 221 1822 per
233 1766 346 1822 spiritum
358 1770 467 1810 sanetum
479 1764 648 1810 sulbifieeutur.

74 1845 103 1888 48
121 1844 168 1898 Qui
179 1844 271 1899 speruit
282 1843 381 1899 spiritus
393 1843 469 1889 saneti
480 1857 623 1887 sermonem:
635 1841 727 1898 speruit
739 1856 809 1887 euan-

43 1914 131 1971 gelium
144 1915 217 1970 glorie
230 1915 361 1970 spirituum
372 1914 477 1959 fitiorum
490 1913 534 1959 dei.

71 1993 100 2037 49
118 1993 170 2047 Ego
180 1992 311 2047 giorifieubi
321 1992 452 2048 spirituum
462 1996 555 2047 patrem
566 1996 587 2036 et
598 1990 729 2047 giurifirahi
740 1990 808 2047 spiri-

44 2069 113 2109 tuum
129 2065 271 2108 sutbatorem
287 2068 309 2108 et
325 2063 457 2118 glorificubi
472 2062 548 2106 fitium
565 2063 602 2107 dei
619 2077 662 2118 per
678 2077 810 2107 sermonum

44 2150 113 2191 quem
124 2136 217 2180 loeutus
228 2149 280 2179 sum
290 2134 415 2190 spiritibus
426 2133 556 2179 homiuum.
585 2132 587 2136 ’

73 2213 119 2257 4Θῇ
136 2213 186 2267 Ego
202 2212 355 2256 muiiitestabi
370 2212 471 2267 gloriam
486 2209 615 2266 spirituum
631 2210 707 2267 patris
724 2216 746 2256 et
762 2212 810 2267 glo-

43 2284 104 2328 riam
121 2284 252 2340 spirituum
267 2283 393 2328 salbatoris
411 2288 433 2328 et
450 2283 550 2338 gloriam
566 2282 610 2328 mii
628 2282 666 2327 dei
683 2282 809 2338 spiritibus

42 2356 167 2400 homiuum
185 2369 228 2411 per
247 2355 359 2410 spiritum
378 2359 500 2399 sunctum:
519 2361 546 2400 ut
565 2355 689 2399 saibeutur
708 2354 809 2410 spiritus

43 2425 166 2471 homiuum
184 2440 227 2482 per
244 2426 357 2481 spiritum
374 2430 484 2470 sanetum
501 2425 529 2469 ab
547 2425 672 2481 spiritibus
689 2425 809 2481 malignis.

74 2505 102 2548 50
120 2505 152 2549 Et
167 2504 213 2550 seio
229 2503 285 2559 quia
298 2508 440 2559 prereptum
454 2502 554 2558 spiritus
569 2503 645 2548 saneti
659 2503 711 2549 uite
727 2495 808 2548 eterni

45 2580 85 2620 est.
115 2575 166 2631 Que
179 2591 220 2631 ego
232 2577 296 2621 iocor
309 2575 370 2620 sieut
383 2575 483 2631 spiritus
497 2578 592 2619 sanetus
605 2574 712 2630 suggerit
725 2574 811 2619 miehi:
