1654 2799
174 415 379 497 tuinultum
401 436 463 484 arr.
485 414 663 498 intonsam

433 575 445 619 Ι

72 687 86 730 l
102 687 133 730 ln
146 686 215 732 initio
230 686 279 732 fuit
291 700 367 731 sermo
382 688 408 731 iu
421 686 497 742 gloria
511 686 643 742 spirituum
656 685 733 741 patris
746 689 771 730 ot
783 686 809 731 iu

41 765 117 820 gloria
131 765 232 821 spiritus
244 765 321 810 sanoti
334 771 358 811 et
370 765 395 809 iu
408 765 484 821 gloria
497 764 541 809 filii
554 763 605 809 clei:

71 865 84 908 2
102 864 149 920 Qui
160 879 203 921 pro
213 864 314 920 gloriam
324 863 455 921 spirituum
464 864 540 921 patris
551 869 575 910 et
583 877 627 920 pro
638 862 739 919 gloriam
749 862 810 919 spir-

41 942 90 987 itus
105 943 182 987 saneti
196 949 218 989 et
233 957 276 999 pro
292 942 393 998 glor-iam
406 942 450 986 filii
466 942 503 988 [lei
517 941 581 987 filius
595 941 701 987 hominis
714 941 809 997 genitus

42 1019 92 1066 luit
100 1035 116 1065 a
128 1021 172 1066 deo
182 1025 251 1077 patre
263 1035 307 1077 por
319 1020 432 1077 spiritum
443 1025 565 1065 sanetum:

73 1109 102 1153 2a
118 1108 152 1153 Ut
164 1108 316 1153 saltarentur
327 1107 428 1164 spiritus
442 1108 566 1153 hominum
580 1108 608 1152 al]
621 1105 748 1164 spiritibus
762 1122 810 1152 ma-

41 1185 114 1242 lignis
136 1186 177 1242 qui
200 1186 303 1231 lrodiuut
324 1185 424 1242 spiritus
448 1185 572 1231 homiuum
596 1200 654 1241 quos
678 1184 810 1241 spirituum

42 1268 112 1320 pater
123 1268 146 1308 et
158 1263 258 1320 spiritus
270 1269 366 1309 sanatus
376 1269 401 1309 ot
411 1263 476 1309 filius
487 1264 525 1309 clei
537 1263 649 1318 [liligunt.

73 1352 86 1395 3
105 1351 191 1396 Omnia
204 1350 270 1396 iaota
283 1356 339 1396 suut
353 1365 396 1406 per
409 1364 540 1395 sermonem
553 1351 591 1395 dei
605 1351 646 1406 qui
659 1350 724 1396 filius
736 1350 810 1395 homi-

42 1428 80 1472 nis
91 1428 186 1484 genitus
198 1428 247 1473 fuit
257 1433 284 1473 ut
296 1430 338 1473 lux
350 1428 480 1484 spirituum
491 1428 615 1472 hominum
626 1428 706 1473 fieret:

73 1515 88 1559 4
104 1515 137 1562 Ut
148 1515 223 1561 omnis
234 1515 335 1572 spiritus
345 1515 468 1560 homiuum
478 1515 632 1560 salbareutur
642 1529 686 1572 per
696 1514 811 1572 spiritum

43 1596 153 1636 sanetum
174 1592 202 1635 ab
223 1591 350 1647 spiritibus
370 1590 482 1645 malignis
502 1591 543 1645 qui
565 1590 666 1646 spiri-tus
686 1590 811 1636 homiuum

43 1668 169 1724 spiritibus
181 1667 270 1713 serbiro
282 1668 393 1724 malignis
405 1667 507 1712 faciunt.

75 1756 103 1800 10
120 1756 150 1799 lu
164 1756 207 1801 hoo
221 1756 311 1800 mundo
326 1755 376 1800 tuit
390 1761 418 1801 ut
431 1755 556 1811 spiritibus
570 1755 696 1800 homiuum
710 1756 812 1812 gloriam

44 1833 174 1889 spirituum
186 1833 263 1889 patris
274 1837 298 1879 ot
308 1832 408 1889 gloriam
419 1832 520 1888 spiritus
531 1833 607 1877 saneti
618 1838 644 1878 ot
654 1834 756 1889 gloriam
767 1832 811 1878 filii

45 1911 82 1955 dei
94 1912 254 1956 hostenderet.

75 1999 105 2043 14
121 1999 155 2043 Et
173 1998 278 2043 uidimus
298 1997 400 2053 gloriam
418 1996 550 2053 spirituum
569 1999 647 2054 patris
668 2006 692 2045 et
710 1999 812 2055 gloriam

44 2076 146 2133 spiritus
161 2076 237 2121 sanati
252 2083 275 2123 ot
290 2075 391 2131 gloriam
405 2075 449 2119 filii
465 2074 509 2119 dei.

76 2164 103 2207 15
121 2163 239 2208 lohannes
249 2162 375 2219 spiritibus
386 2161 509 2207 hominum
520 2159 700 2218 euarrgeliralaat
711 2164 813 2220 gloriam

45 2242 176 2298 spirituum
195 2240 272 2296 patris
292 2245 314 2285 ot
333 2240 433 2296 gloriam
450 2238 552 2295 spiritus
572 2242 649 2286 sauoti
669 2246 693 2286 et
711 2242 812 2298 gloriam

45 2319 89 2364 filii
104 2319 141 2364 [lei
155 2318 247 2364 diceus:

76 2407 104 2451 16
122 2407 173 2462 Ego
189 2403 307 2462 prespioio
321 2404 421 2461 gloriam
434 2403 567 2460 spirituum
582 2406 659 2461 patris
674 2413 697 2454 et
712 2407 813 2463 gloriam

46 2485 147 2541 spiritus
161 2484 237 2528 sanati
250 2489 275 2529 ot
289 2482 390 2538 gloriam
404 2481 448 2528 filii
463 2482 514 2527 olai:

77 2573 121 2617 roa
138 2571 184 2626 oui
197 2571 325 2615 salbabuut
336 2569 436 2626 spiritus
449 2569 573 2615 homiuum
585 2571 613 2615 ab
626 2571 752 2628 spiritibus
765 2588 813 2619 ma-
