1654 2799
17 61 30 102 6
176 69 364 108 EUANGELIUM
382 70 435 107 SEU.
447 68 605 107 lOHANNEM.
644 68 733 117 [CHAP.
745 68 785 105 HI.

51 197 64 240 5
82 196 129 251 Qui
144 195 293 240 serbaberint
308 195 408 252 spiritus
421 195 500 241 saneti
515 209 646 240 sermonem
660 194 787 239 salbabun-

21 276 62 316 tur
79 272 108 315 ab
124 271 233 315 iuimioo:
251 272 294 326 qui
308 271 378 316 lrodit
393 270 494 327 spiritus
511 270 636 315 hominum
652 284 711 325 quos
727 269 788 326 spir-

21 347 99 390 ituum
112 351 181 402 pater
194 353 217 393 et
228 346 329 402 spiritus
342 350 438 391 sanetus
450 351 475 391 et
487 360 529 401 ego
542 345 672 401 diligimus.

52 422 65 465 6
83 421 130 476 Qui
147 421 296 466 serbaberint
312 421 412 477 spiritus
428 422 505 466 saneti
521 435 652 466 sermonem
668 434 712 476 per
727 419 788 476 spir-

21 496 82 541 itum
104 501 214 541 sauotum
235 497 394 541 salbabuutur
416 497 445 541 ab
467 496 594 552 spiritibus
614 495 726 551 malignis
747 495 789 550 qui

21 571 121 627 spiritus
135 572 259 616 homiuum
271 571 367 616 faoiuut
380 571 505 627 spiritibus
520 572 608 617 serbire
622 569 733 626 malignis
747 570 789 626 qui

21 646 122 702 spiritus
135 647 259 691 homiuum
272 646 381 691 hodiuut.

54 721 82 765 fia
99 721 150 766 Heo
167 722 347 777 euangelizabat
360 736 405 778 per
420 721 535 778 spiritum
551 726 661 766 sanetum
679 721 790 766 domiuus

22 796 101 841 ihesus
114 796 239 852 spiritibus
251 797 387 842 hominum:
399 804 427 844 ut
439 798 592 841 salbareutur
603 795 704 853 spiritus
716 796 790 841 homi-

23 885 81 915 uum
92 872 120 916 ab
131 871 256 927 spiritibus
266 872 378 927 malignis
388 886 433 928 per
441 886 573 917 sermonem
583 886 653 928 quem
663 871 789 928 spiritibus

22 946 146 991 homiuum
158 947 268 992 dominus
279 948 358 992 illesus
369 949 463 992 loeutus
475 952 516 992 est.

55 1172 68 1216 3
85 1172 216 1228 Postquam
231 1188 274 1229 pro
290 1173 391 1229 gloriam
404 1173 537 1230 spirituum
551 1174 628 1230 patris
644 1179 667 1219 et
682 1188 726 1230 pro
743 1175 790 1229 glo-

24 1248 86 1292 riam
94 1249 195 1304 spiritus
206 1250 283 1294 saneti
292 1255 315 1294 et
325 1264 368 1305 pro
379 1249 480 1304 gloriam
489 1248 533 1293 filii
543 1250 581 1294 dei
592 1249 701 1294 dominus
711 1249 791 1293 ihesus

24 1323 126 1378 gloriam
144 1324 275 1379 spirituum
294 1325 370 1380 patris
390 1329 414 1370 et
433 1324 533 1380 gloriam
553 1324 652 1380 spiritus
671 1325 749 1369 saneti
767 1329 791 1369 et

25 1397 127 1453 gloriam
143 1398 187 1445 filii
207 1400 245 1444 dei
263 1399 470 1455 euangelizaberat
488 1414 531 1455 per
550 1399 663 1456 spiritum
682 1404 792 1444 sanetum

25 1473 150 1529 spiritibus
166 1474 303 1519 hominum:

56 1549 86 1593 3a.
102 1549 151 1594 Pro
163 1548 266 1604 gloriam
280 1549 411 1610 spirituum
427 1549 503 1605 patris
518 1555 541 1594 et
556 1564 600 1605 pro
614 1549 716 1605 gloriam
731 1550 792 1606 spir-

26 1623 74 1668 itus
87 1624 164 1668 saneti
179 1629 201 1669 et
213 1639 258 1680 pro
273 1624 374 1680 gloriam
388 1624 432 1669 filii
447 1625 485 1669 dei
499 1624 603 1680 reliquid
617 1625 793 1670 iherosolimam

27 1704 48 1743 et
60 1699 136 1744 habiit
148 1699 173 1743 iii
185 1699 319 1744 samariam.

57 1774 85 1817 20
104 1775 135 1820 Et
154 1775 256 1829 quedam
273 1774 360 1819 mulier
377 1774 525 1819 samaritana
542 1775 702 1830 interroga-bit
719 1775 793 1820 domi-

26 1863 85 1893 num
103 1849 194 1894 ihesum
211 1851 231 1894 si
248 1849 399 1895 iherosolima
417 1855 452 1896 est
469 1851 533 1894 loeus
551 1850 593 1895 ubi
611 1855 705 1906 oportet
722 1851 793 1896 deum

27 1924 134 1970 adorare.

58 2002 87 2045 24
103 2002 237 2057 Respondit
245 2001 357 2046 domiuus
367 2001 459 2045 ihesus:
470 1999 577 2055 Spiritus
587 2007 621 2047 est
632 2001 689 2045 deus
699 2006 723 2046 et
733 2002 793 2058 spir-

27 2076 75 2122 itus
86 2077 210 2122 homiuum
222 2082 315 2132 oportet
329 2077 428 2121 adorare
440 2074 572 2131 spirituum
584 2080 678 2132 patrem
691 2077 717 2121 iu
729 2077 793 2122 omui

26 2153 76 2198 looo
90 2167 133 2208 per
147 2152 261 2208 spiritum
274 2156 396 2196 sarmium:

58 2228 103 2272 ara
120 2227 167 2282 out
182 2228 260 2272 saltat
274 2227 374 2282 spiritus
388 2224 513 2271 homiuum
527 2226 555 2270 ab
571 2226 696 2282 spiritibus
711 2227 794 2283 malig-

27 2303 65 2347 nis
80 2303 121 2359 qui
136 2303 236 2358 spiritus
251 2301 374 2347 hominum
390 2301 485 2347 iaoiuut
499 2300 626 2357 spiritibus
642 2302 730 2347 serbire
746 2318 794 2348 ma-

27 2378 112 2434 lignis:
134 2378 175 2433 qui
195 2377 298 2422 lrodiunt
318 2375 418 2433 spiritus
439 2376 562 2420 hominum
585 2391 643 2432 quos
663 2377 795 2433 spirituum

27 2457 97 2509 pater
109 2458 130 2498 et
142 2452 243 2509 spiritus
254 2457 350 2497 sanetus
362 2457 385 2497 et
395 2466 438 2507 ego
451 2450 580 2506 diligimus

59 2529 87 2573 43
105 2529 162 2574 Post
187 2529 229 2573 heo
253 2542 296 2584 pro
320 2527 421 2582 gloriam
444 2525 577 2582 spirituum
600 2527 677 2583 patris
704 2533 727 2574 et
751 2543 794 2585 pro

28 2604 129 2660 gloriam
143 2603 244 2659 spiritus
258 2602 334 2647 saneti
350 2607 372 2647 et
385 2617 430 2658 pro
446 2600 547 2657 gloriam
561 2601 605 2646 filii
619 2603 657 2647 dei
671 2603 795 2659 proteotus

28 2685 64 2725 est
74 2680 99 2724 in
110 2679 227 2735 galileam.
